2430 4290
91 86 145 165 24

100 270 186 333 sitan
207 269 382 351 satyricum
410 269 523 336 drama
550 273 666 354 fuerit,
694 271 888 359 praesertim
917 290 994 336 eum
1016 268 1143 356 Ulyssis

99 387 135 451 iu
160 405 333 471 personam
361 385 497 454 multum
524 388 663 455 luserint
688 400 807 476 poetae
827 387 961 463 comici;
997 388 1145 453 Laerten

101 502 189 566 enim
214 499 360 568 fabulam
388 526 452 570 uou
481 508 633 589 memini,
663 528 741 572 uum
770 506 940 592 quisquam
968 507 1143 591 scripserit.

102 616 231 695 Quodsi
252 622 305 683 oui
325 620 407 687 haec
429 627 589 690 sententia
608 622 834 711 praeplsesat,
863 622 999 688 Laertia
1019 623 1143 709 nuptias

103 747 137 799 et
170 734 340 801 Anticleae
370 762 390 803 a
415 739 558 828 Sisypho
593 742 749 827 gravidae
783 741 887 805 fuisse
919 751 1143 822 argumentum

102 855 308 920 statuendum
329 859 403 940 erit,
425 880 489 944 qua
510 861 550 923 de
571 881 607 923 re
629 859 671 926 ef.
684 856 826 924 Tastres
839 855 882 922 ad
896 855 1065 942 Lycophr.
1077 862 1142 924 344.

610 1016 640 1074 1.

164 1116 229 1177 'lov
253 1117 303 1179 δ’ὁ
326 1128 396 1189 Χῖος
421 1123 452 1180 ἐν
475 1122 586 1197 Λαέρτῃ
611 1122 661 1182 τὸν
685 1122 795 1195 οἰκέτην
818 1121 865 1180 ἰτεί
889 1119 998 1179 δούλου
1024 1122 1143 1181 τέθεικεν

101 1218 202 1278 seusu·

311 1325 389 1395 οἴμοι
408 1323 496 1397 δόμον
522 1325 616 1383 οἰκέτα
639 1330 750 1383 κλεῖσον
773 1323 947 1395 ὑπόπτερος,
974 1323 1058 1396 μήτις
1079 1324 1141 1396 ἔλθῃ

638 1431 758 1500 βροτοῖο.

800 1529 904 1586 Athen.
920 1528 979 1592 vl,
999 1528 1066 1593 261,
1084 1528 1110 1581 d.

101 1646 215 1693 versus
236 1628 290 1695 hic
311 1650 357 1695 ex
379 1627 506 1695 duobus
528 1627 697 1714 glyconeis
720 1644 860 1713 constat,
882 1630 1048 1715 adjunctis
1068 1630 1140 1693 duc-

100 1738 162 1806 bus
188 1748 334 1828 creticis,
371 1759 484 1833 estque
513 1748 555 1811 ad
584 1747 831 1833 exprimendum
866 1748 966 1811 animi
994 1745 1142 1811 commoti

101 1858 254 1925 affectum
277 1866 484 1949 aptissimum
507 1885 570 1950 quo
593 1866 698 1951 magis
718 1864 912 1947 mirandum,
935 1863 1024 1950 quod
1038 1860 1141 1930 verbis

100 1974 149 2039 ita
170 1982 377 2066 transpositis

308 2097 386 2165 οἴμοι

308 2194 398 2266 δόμον
414 2193 509 2251 οἰκέτα
526 2196 636 2251 κλεῒοοο
652 2194 812 2267 1ὑπόπτερος
827 2194 909 2269 μήτις
924 2199 1038 2271 βροτοῖο

305 2294 385 2369 ξορρ.

97 2389 235 2478 probum
273 2399 437 2462 senarium
479 2398 617 2464 evadere
660 2399 855 2486 persuadere
895 2397 960 2466 sibi
1002 2397 1143 2485 potuerit

98 2506 284 2597 Schweigh.
305 2515 347 2581 ad
366 2514 443 2585 Aah.
465 2513 489 2581 l.
511 2514 535 2584 l.

414 2779 474 2848 vi.
516 2782 637 2867 Μέγα
673 2782 819 2867 δρᾶμα.

177 2967 252 3031 Ηοο
279 2967 360 3050 μέγα
388 2966 496 3052 δρᾶμα
522 2964 620 3053 quale
641 2966 759 3048 fuerit,
791 2986 857 3029 uou
878 2984 1049 3050 assequor.
1088 2964 1140 3029 lu·

95 3086 229 3170 scriptio
251 3080 442 3147 insolemnis
470 3097 567 3169 atque
596 3084 678 3147 adeo
707 3094 758 3146 est
785 3079 982 3168 singularis,
1015 3081 1141 3147 etiamsi

94 3203 134 3267 de
156 3201 332 3289 tetralogia
354 3201 563 3285 cogitaveris.
585 3199 755 3285 Equidem,
777 3210 814 3262 ut
834 3200 940 3263 dicam
962 3197 1049 3286 quod
1071 3216 1141 3261 seu·

92 3322 151 3402 iio,
173 3318 311 3404 lyricum
325 3319 435 3403 potius
450 3318 521 3381 sive
535 3314 805 3398 dithyrambicum
819 3336 961 3398 carmen,
983 3315 1143 3401 quamju·

91 3451 177 3503 stum
198 3437 313 3502 drama
335 3437 438 3500 fuisse
460 3435 658 3519 putaverim
687 3442 797 3517 potest
816 3434 916 3496 etiam
938 3452 985 3495 ex
1004 3443 1142 3516 utroque

90 3573 212 3639 genere
234 3554 378 3617 mixtum
397 3552 500 3616 fuisse
525 3570 666 3630 carmen,
686 3544 816 3635 qualem
840 3546 1009 3613 Timothei
1022 3544 1142 3632 Cyclo·

87 3690 162 3757 pem
197 3668 299 3733 fuisse
337 3672 475 3749 seimus,
516 3666 708 3753 qualemque
744 3660 980 3730 Chaeremonis
1001 3661 1141 3729 Centau·

87 3808 159 3853 rum
187 3806 315 3873 quoque
348 3784 451 3851 fuisse
479 3789 662 3872 suspicatur
699 3780 907 3849 Hermaunus
935 3780 979 3845 acl
1005 3778 1144 3846 Aristot.

87 3903 178 3972 Poet.
201 3903 235 3987 l,
259 3910 311 3967 12.
