2430 4290
96 145 143 232 ill

92 322 255 404 concine,
283 316 431 406 eleglsctt
461 330 549 396 ceste
577 321 721 404 spirasse
749 317 955 405 oxplotnturn
979 318 1131 404 habetur,

93 440 269 525 sicutipse
290 437 366 503 vino
387 447 420 500 et
440 436 544 500 emori
570 435 655 501 ultre
677 459 772 524 quum
795 451 933 523 acquum
955 451 1048 519 erut,
1078 439 1151 504 dc?

93 557 180 621 ditus
201 553 338 619 hilarem
359 572 498 638 vereque
524 555 663 618 ionicam
691 556 792 631 vitem
820 552 985 638 degebam
1015 554 1129 644 Neque

92 680 316 757 argumentum
336 688 447 757 eorum
467 645 570 753 irqisso
590 667 679 735 aliud
701 668 876 748 uerisimile
895 673 957 735 nisi
981 671 1127 738 celebra·

93 791 198 871 tiones
218 787 439 854 conviviorum
461 806 683 872 astrorumque,
714 788 760 850 ita
782 799 817 850 ut
837 786 900 850 duo
922 790 1128 872 potissimum

93 903 271 993 alogiorum
292 904 412 989 luerint
431 922 565 987 genera,
595 901 733 975 alterum
753 907 968 985 momerium,
987 898 1126 971 alterurn

57 1006 62 1018 ⁵
92 1024 267 1103 carminum
282 1015 511 1100 convivalium,
533 1038 668 1104 quorum
689 1018 792 1085 altero
813 1037 993 1105 exgenere
1015 1027 1127 1088 couci·

91 1139 215 1206 aelium
234 1138 298 1203 duo
319 1134 362 1200 sb
390 1133 559 1200 Athenaeo
588 1137 718 1201 servata
744 1158 818 1202 eam
847 1159 943 1223 quam
970 1126 1128 1224 proposui

91 1256 285 1321 sententiam
311 1251 443 1337 egregio
471 1248 672 1334 confirmant.
713 1251 882 1335 Arrraturia
907 1257 985 1318 vero
1015 1238 1126 1341 quarto

92 1391 188 1458 quam
208 1364 331 1434 nullom
353 1380 464 1432 exstst
483 1347 719 1452 fragmentum,
748 1368 888 1435 dubitari
907 1390 979 1435 'non
1005 1384 1125 1457 potest,

93 1489 169 1574 quin
189 1487 303 1551 eodem
321 1468 432 1550 indole
459 1484 580 1549 fuerint
606 1488 744 1572 scripta,
773 1489 991 1568 contrictio,
1016 1507 1125 1575 ,nequo

91 1607 205 1691 gronio
223 1600 279 1669 vel
298 1600 451 1690 querula,
472 1601 529 1667 sed
551 1599 727 1678 hilaritatis
747 1601 863 1690 plena,
883 1601 1038 1674 liberiore
1058 1605 1125 1670 for·

92 1736 180 1787 tasse
201 1742 240 1785 nc
260 1716 396 1784 lascivo.
438 1716 475 1782 ln
504 1716 620 1804 elegiis
647 1720 746 1805 igitur
766 1718 856 1783 Ionis
881 1722 1032 1785 virtutem
1059 1740 1124 1784 non

91 1837 192 1902 fuisso
213 1837 386 1919 exiguum,
413 1856 487 1900 cum
504 1855 560 1898 ex
586 1855 626 1898 eo
653 1838 759 1920 possit
784 1839 921 1921 conjici,
950 1837 1034 1923 quod
1062 1835 1124 1900 hoc

90 1954 184 2040 quasi
209 1954 375 2038 proprium
402 1953 529 2016 ionicae
554 1953 670 2035 gentis
701 1974 806 2041 genus
832 1951 1122 2040 poesisltalretur,

91 2082 159 2147 tum
180 2091 205 2152 e¹
220 2066 415 2145 carminibus
435 2065 663 2151 superstitibus
683 2056 851 2138 eriocitur.
871 2045 911 2119 .‘.

117 2255 121 2264 ,
173 2182 237 2249 Sed
257 2185 291 2248 iu
313 2182 375 2248 hac
395 2178 537 2268 simplici
555 2187 647 2270 poesi
668 2187 775 2250 ionica
796 2207 860 2251 non
881 2173 1043 2274 nequierit
1065 2165 1121 2251 no·

91 2307 177 2382 ster,
207 2297 252 2382 sd
271 2295 427 2377 atriorem,
441 2301 545 2379 etiam,
558 2301 715 2387 aspiravit
733 2306 849 2388 poesin
871 2301 1027 2388 lyricam,
1055 2286 1131 2388 turp¹

91 2419 235 2483 doricam
252 2434 352 2508 'quem
374 2428 510 2497 vocent,
540 2428 607 2481 tum
633 2420 764 2485 atticam
789 2423 859 2484 sivo
886 2418 1124 2504 dithyrambum

90 2524 317 2612 recentiorim,
345 2532 430 2628 quod
457 2533 585 2619 quidem
613 2555 716 2620 genus
743 2539 853 2623 poesis
873 2547 948 2601 tunc
967 2538 1123 2620 temporis

76 2652 238 2737 ⁴inprimis
259 2647 435 2715 colebatur.
477 2649 583 2736 Atque
609 2649 706 2735 hujus
733 2651 985 2738 dithyrambioac
1010 2654 1122 2736 poesis

91 2769 143 2835 illi
163 2771 229 2856 ipsi
248 2770 392 2854 gentium
412 2762 601 2849 colluvicni,
624 2789 687 2854 qua
704 2771 862 2855 integram
874 2768 1123 2834 Atheniensium

53 2897 57 2907 '
91 2884 234 2957 indolem
253 2884 460 2970 deprecatam
481 2903 553 2948 esso
581 2885 677 2956 modo
703 2884 796 2969 dixi,
824 2888 983 2972 originem
997 2883 1122 2952 'deberi

36 3058 39 3064 .
90 3003 281 3090 putaverim.
310 3000 361 3066 Its
381 3003 467 3066 enim
486 2996 615 3065 demum
633 2999 836 3087 intelligitur,
858 3003 1122 3088 quemadmodum

90 3119 209 3199 Attici,
231 3119 286 3204 qui
306 3100 494 3204 in'roliquis
514 3117 652 3182 mediam
670 3116 952 3184 interDorienscs
972 3131 1006 3183 et
1025 3119 1121 3185 lones

90 3235 234 3302 indolem
252 3252 394 3321 'eumque
408 3234 675 3319 perfectissimam
689 3233 905 3318 obtinuerunt,
927 3240 961 3302 in
978 3259 1043 3302 uno
1059 3236 1121 3302 lrcc

90 3376 210 3439 genere
230 3354 323 3441 qussi
342 3351 426 3417 fines
438 3348 545 3437 pulcri
561 3354 761 3424 excesserint
773 3349 927 3440 legesque
941 3356 1120 3439 migrarint.

89 3469 190 3558 Atqui
209 3472 390 3552 accuratius
416 3471 446 3553 si
471 3466 609 3543 volimus
630 3471 813 3552 attendere,
840 3494 876 3536 rc
903 3446 981 3534 voca
1010 3492 1120 3535 corum

81 3588 146 3673 ¹qui
174 3585 370 3671 dithyrambi
397 3589 517 3651 veteris
545 3584 748 3672 corrrrptores
775 3589 938 3667 feruntur,
962 3575 1119 3672 plurimos

88 3707 278 3791 peregrinos
296 3702 434 3770 Athenis
455 3704 584 3791 degisse
602 3708 819 3781 inveniemus;
846 3703 936 3769 velut
963 3702 1120 3768 Philoxe-

90 3844 151 3890 nus
170 3820 367 3908 Cythereus,
390 3821 582 3888 Cleomenes
603 3821 817 3910 lllregiensis,
844 3820 1037 3887 'l'iruotlreus
1057 3819 1119 3886 lllli·

80 3936 201 4022 lesius,
233 3935 385 4008 Telestes
401 3931 648 4017 Selinuntinust-
672 3939 716 4008 cl.
743 3936 855 4008 schol.
884 3938 925 4004 ad
954 3935 1118 4024 Artsuptr.
