<?xml version="1.0" encoding="UTF-8"?>
<!DOCTYPE html PUBLIC "-//W3C//DTD XHTML 1.0 Transitional//EN"
    "http://www.w3.org/TR/xhtml1/DTD/xhtml1-transitional.dtd">
<html xmlns="http://www.w3.org/1999/xhtml" xml:lang="en" lang="en">
 <head>
  <title>
</title>
<meta http-equiv="Content-Type" content="text/html;charset=utf-8" />
  <meta name='ocr-system' content='tesseract 3.04.00' />
  <meta name='ocr-capabilities' content='ocr_page ocr_carea ocr_par ocr_line ocrx_word'/>
</head>
<body>
  <div class='ocr_page' id='page_1' title='image "./deionischiivita00niebgoog_0023.png"; bbox 0 0 2430 4290; ppageno 0'>
   <div class='ocr_carea' id='block_1_1' title="bbox 29 314 1132 2635">
    <p class='ocr_par' dir='ltr' id='par_1_1' title="bbox 29 314 1132 2635">
     <span class='ocr_line' id='line_1_1' title="bbox 88 314 1128 425; baseline 0.004 -25"><span class='ocrx_word' id='word_1_1' title='bbox 88 354 190 425; x_wconf 67' lang='lat' dir='ltr'><strong>quum</strong></span> <span class='ocrx_word' id='word_1_2' title='bbox 207 331 525 401; x_wconf 19' lang='lat' dir='ltr'><strong>arcearis-exenta</strong></span> <span class='ocrx_word' id='word_1_3' title='bbox 545 333 697 418; x_wconf 82' lang='lat' dir='ltr'><strong>inerunt,</strong></span> <span class='ocrx_word' id='word_1_4' title='bbox 722 314 776 404; x_wconf 84' lang='lat' dir='ltr'><strong>me</strong></span> <span class='ocrx_word' id='word_1_5' title='bbox 804 336 1039 404; x_wconf 72' lang='lat' dir='ltr'><strong>adsentientem</strong></span> <span class='ocrx_word' id='word_1_6' title='bbox 1059 357 1128 404; x_wconf 85' lang='lat' dir='ltr'><strong>rsa·</strong></span> 
     </span>
     <span class='ocr_line' id='line_1_2' title="bbox 94 431 1125 543; baseline 0.001 -23"><span class='ocrx_word' id='word_1_7' title='bbox 94 452 198 520; x_wconf 43' lang='lat' dir='ltr'><strong>xime*</strong></span> <span class='ocrx_word' id='word_1_8' title='bbox 217 431 361 516; x_wconf 72' lang='lat' dir='ltr'><strong>latebit.</strong></span> <span class='ocrx_word' id='word_1_9' title='bbox 403 449 490 517; x_wconf 80' lang='lat' dir='ltr'><strong>lliua</strong></span> <span class='ocrx_word' id='word_1_10' title='bbox 523 449 583 517; x_wconf 86' lang='lat' dir='ltr'><strong>illa</strong></span> <span class='ocrx_word' id='word_1_11' title='bbox 609 453 710 518; x_wconf 83' lang='lat' dir='ltr'><strong>animi</strong></span> <span class='ocrx_word' id='word_1_12' title='bbox 733 453 869 542; x_wconf 60' lang='lat' dir='ltr'><strong>&#39;agilitas</strong></span> <span class='ocrx_word' id='word_1_13' title='bbox 897 452 1125 543; x_wconf 75' lang='lat' dir='ltr'><strong>habilitaaque,</strong></span> 
     </span>
     <span class='ocr_line' id='line_1_3' title="bbox 92 565 1127 659; baseline 0.007 -28"><span class='ocrx_word' id='word_1_14' title='bbox 92 586 179 656; x_wconf 65' lang='lat' dir='ltr'><strong>qaae</strong></span> <span class='ocrx_word' id='word_1_15' title='bbox 198 567 239 634; x_wconf 82' lang='lat' dir='ltr'><strong>atl</strong></span> <span class='ocrx_word' id='word_1_16' title='bbox 262 569 465 634; x_wconf 79' lang='lat' dir='ltr'><strong>umalama</strong></span> <span class='ocrx_word' id='word_1_17' title='bbox 483 565 626 656; x_wconf 81' lang='lat' dir='ltr'><strong>appliaat</strong></span> <span class='ocrx_word' id='word_1_18' title='bbox 645 582 678 635; x_wconf 90' lang='lat' dir='ltr'><strong>et</strong></span> <span class='ocrx_word' id='word_1_19' title='bbox 696 570 732 635; x_wconf 92' lang='lat' dir='ltr'><strong>iu</strong></span> <span class='ocrx_word' id='word_1_20' title='bbox 753 572 860 637; x_wconf 86' lang='lat' dir='ltr'><strong>amnia</strong></span> <span class='ocrx_word' id='word_1_21' title='bbox 875 573 1032 659; x_wconf 75' lang='lat' dir='ltr'><strong>&#39;inquirit3</strong></span> <span class='ocrx_word' id='word_1_22' title='bbox 1053 570 1127 638; x_wconf 77' lang='lat' dir='ltr'><strong>hiae</strong></span> 
     </span>
     <span class='ocr_line' id='line_1_4' title="bbox 94 660 1127 776; baseline 0.003 -25"><span class='ocrx_word' id='word_1_23' title='bbox 94 660 184 751; x_wconf 75' lang='lat' dir='ltr'><strong>laeta</strong></span> <span class='ocrx_word' id='word_1_24' title='bbox 203 683 264 751; x_wconf 85' lang='lat' dir='ltr'><strong>illa</strong></span> <span class='ocrx_word' id='word_1_25' title='bbox 283 682 460 773; x_wconf 83' lang='lat' dir='ltr'><strong>lrilariaque</strong></span> <span class='ocrx_word' id='word_1_26' title='bbox 479 685 567 751; x_wconf 81' lang='lat' dir='ltr'><strong>vitae</strong></span> <span class='ocrx_word' id='word_1_27' title='bbox 585 687 668 751; x_wconf 86' lang='lat' dir='ltr'><strong>ratio</strong></span> <span class='ocrx_word' id='word_1_28' title='bbox 685 685 812 773; x_wconf 77' lang='lat' dir='ltr'><strong>gratiae</strong></span> <span class='ocrx_word' id='word_1_29' title='bbox 833 689 1002 776; x_wconf 83' lang='lat' dir='ltr'><strong>amnisque</strong></span> <span class='ocrx_word' id='word_1_30' title='bbox 1023 708 1127 755; x_wconf 78' lang='lat' dir='ltr'><strong>venu-</strong></span> 
     </span>
     <span class='ocr_line' id='line_1_5' title="bbox 96 777 1128 891; baseline 0.003 -22"><span class='ocrx_word' id='word_1_31' title='bbox 96 801 194 869; x_wconf 77' lang='lat' dir='ltr'><strong>statis</strong></span> <span class='ocrx_word' id='word_1_32' title='bbox 219 777 335 887; x_wconf 77' lang='lat' dir='ltr'><strong>plena,</strong></span> <span class='ocrx_word' id='word_1_33' title='bbox 366 798 482 889; x_wconf 82' lang='lat' dir='ltr'><strong>quibus</strong></span> <span class='ocrx_word' id='word_1_34' title='bbox 516 800 664 867; x_wconf 86' lang='lat' dir='ltr'><strong>amnibus</strong></span> <span class='ocrx_word' id='word_1_35' title='bbox 691 800 788 869; x_wconf 83' lang='lat' dir='ltr'><strong>leues</strong></span> <span class='ocrx_word' id='word_1_36' title='bbox 815 801 959 891; x_wconf 84' lang='lat' dir='ltr'><strong>reliquos</strong></span> <span class='ocrx_word' id='word_1_37' title='bbox 981 804 1128 872; x_wconf 71' lang='lat' dir='ltr'><strong>Graecos</strong></span> 
     </span>
     <span class='ocr_line' id='line_1_6' title="bbox 96 913 1128 1008; baseline 0.002 -24"><span class='ocrx_word' id='word_1_38' title='bbox 96 917 243 989; x_wconf 75' lang='lat' dir='ltr'><strong>maxime,</strong></span> <span class='ocrx_word' id='word_1_39' title='bbox 270 917 449 983; x_wconf 79' lang='lat' dir='ltr'><strong>Dorienses</strong></span> <span class='ocrx_word' id='word_1_40' title='bbox 475 913 683 1004; x_wconf 82' lang='lat' dir='ltr'><strong>superabant.</strong></span> <span class='ocrx_word' id='word_1_41' title='bbox 730 916 854 984; x_wconf 89' lang='lat' dir='ltr'><strong>Verum</strong></span> <span class='ocrx_word' id='word_1_42' title='bbox 880 920 915 984; x_wconf 84' lang='lat' dir='ltr'><strong>id</strong></span> <span class='ocrx_word' id='word_1_43' title='bbox 943 920 1030 1008; x_wconf 84' lang='lat' dir='ltr'><strong>quad</strong></span> <span class='ocrx_word' id='word_1_44' title='bbox 1055 919 1128 986; x_wconf 84' lang='lat' dir='ltr'><strong>fieri</strong></span> 
     </span>
     <span class='ocr_line' id='line_1_7' title="bbox 93 1029 1131 1122; baseline -0.002 -20"><span class='ocrx_word' id='word_1_45' title='bbox 93 1030 202 1118; x_wconf 77' lang='lat' dir='ltr'><strong>sulm,</strong></span> <span class='ocrx_word' id='word_1_46' title='bbox 230 1035 261 1100; x_wconf 88' lang='lat' dir='ltr'><strong>si</strong></span> <span class='ocrx_word' id='word_1_47' title='bbox 281 1035 335 1122; x_wconf 84' lang='lat' dir='ltr'><strong>qni</strong></span> <span class='ocrx_word' id='word_1_48' title='bbox 356 1029 472 1116; x_wconf 83' lang='lat' dir='ltr'><strong>rebus,</strong></span> <span class='ocrx_word' id='word_1_49' title='bbox 493 1054 574 1121; x_wconf 87' lang='lat' dir='ltr'><strong>quae</strong></span> <span class='ocrx_word' id='word_1_50' title='bbox 594 1047 688 1099; x_wconf 85' lang='lat' dir='ltr'><strong>extra</strong></span> <span class='ocrx_word' id='word_1_51' title='bbox 706 1051 767 1098; x_wconf 82' lang='lat' dir='ltr'><strong>uua</strong></span> <span class='ocrx_word' id='word_1_52' title='bbox 786 1038 864 1100; x_wconf 87' lang='lat' dir='ltr'><strong>sunt&#39;</strong></span> <span class='ocrx_word' id='word_1_53' title='bbox 881 1037 984 1119; x_wconf 82' lang='lat' dir='ltr'><strong>sitae,·</strong></span> <span class='ocrx_word' id='word_1_54' title='bbox 1004 1039 1053 1103; x_wconf 87' lang='lat' dir='ltr'><strong>itu</strong></span> <span class='ocrx_word' id='word_1_55' title='bbox 1075 1036 1131 1102; x_wconf 83' lang='lat' dir='ltr'><strong>atl-</strong></span> 
     </span>
     <span class='ocr_line' id='line_1_8' title="bbox 98 1148 1129 1238; baseline 0.003 -22"><span class='ocrx_word' id='word_1_56' title='bbox 98 1150 181 1218; x_wconf 73' lang='lat' dir='ltr'><strong>ttert</strong></span> <span class='ocrx_word' id='word_1_57' title='bbox 198 1164 295 1238; x_wconf 86' lang='lat' dir='ltr'><strong>atque</strong></span> <span class='ocrx_word' id='word_1_58' title='bbox 315 1149 397 1214; x_wconf 85' lang='lat' dir='ltr'><strong>aden</strong></span> <span class='ocrx_word' id='word_1_59' title='bbox 417 1148 519 1215; x_wconf 79' lang='lat' dir='ltr'><strong>dediti</strong></span> <span class='ocrx_word' id='word_1_60' title='bbox 539 1151 622 1231; x_wconf 85' lang='lat' dir='ltr'><strong>aiut,</strong></span> <span class='ocrx_word' id='word_1_61' title='bbox 649 1150 761 1217; x_wconf 86' lang='lat' dir='ltr'><strong>audem</strong></span> <span class='ocrx_word' id='word_1_62' title='bbox 787 1149 849 1218; x_wconf 91' lang='lat' dir='ltr'><strong>illa</strong></span> <span class='ocrx_word' id='word_1_63' title='bbox 875 1174 974 1219; x_wconf 85' lang='lat' dir='ltr'><strong>eausa</strong></span> <span class='ocrx_word' id='word_1_64' title='bbox 994 1153 1059 1219; x_wconf 83' lang='lat' dir='ltr'><strong>init</strong></span> <span class='ocrx_word' id='word_1_65' title='bbox 1078 1152 1129 1219; x_wconf 86' lang='lat' dir='ltr'><strong>lo·</strong></span> 
     </span>
     <span class='ocr_line' id='line_1_9' title="bbox 99 1244 1129 1355; baseline 0 -20"><span class='ocrx_word' id='word_1_66' title='bbox 99 1263 358 1335; x_wconf 73' lang='lat' dir='ltr'><strong>aun-iastabilir</strong></span> <span class='ocrx_word' id='word_1_67' title='bbox 377 1244 500 1351; x_wconf 82' lang='lat' dir='ltr'><strong>ingenii</strong></span> <span class='ocrx_word' id='word_1_68' title='bbox 519 1263 742 1352; x_wconf 84' lang='lat' dir='ltr'><strong>levitatisqua;</strong></span> <span class='ocrx_word' id='word_1_69' title='bbox 770 1269 888 1355; x_wconf 82' lang='lat' dir='ltr'><strong>quippe</strong></span> <span class='ocrx_word' id='word_1_70' title='bbox 915 1290 1000 1353; x_wconf 88' lang='lat' dir='ltr'><strong>neu,</strong></span> <span class='ocrx_word' id='word_1_71' title='bbox 1021 1283 1129 1337; x_wconf 86' lang='lat' dir='ltr'><strong>menta</strong></span> 
     </span>
     <span class='ocr_line' id='line_1_10' title="bbox 59 1379 1129 1471; baseline 0.001 -24"><span class='ocrx_word' id='word_1_72' title='bbox 59 1412 65 1425; x_wconf 62' lang='lat'><em>1</em></span> <span class='ocrx_word' id='word_1_73' title='bbox 98 1403 120 1447; x_wconf 86' lang='lat' dir='ltr'><strong>e</strong></span> <span class='ocrx_word' id='word_1_74' title='bbox 140 1379 237 1447; x_wconf 79' lang='lat' dir='ltr'><strong>rebus</strong></span> <span class='ocrx_word' id='word_1_75' title='bbox 259 1382 406 1448; x_wconf 75' lang='lat' dir='ltr'><strong>extenuit</strong></span> <span class='ocrx_word' id='word_1_76' title='bbox 426 1391 595 1465; x_wconf 74' lang='lat' dir='ltr'><strong>mannate,</strong></span> <span class='ocrx_word' id='word_1_77' title='bbox 618 1384 727 1469; x_wconf 87' lang='lat' dir='ltr'><strong>quieta</strong></span> <span class='ocrx_word' id='word_1_78' title='bbox 747 1396 781 1448; x_wconf 89' lang='lat' dir='ltr'><strong>et</strong></span> <span class='ocrx_word' id='word_1_79' title='bbox 800 1385 932 1450; x_wconf 82' lang='lat' dir='ltr'><strong>amitina</strong></span> <span class='ocrx_word' id='word_1_80' title='bbox 951 1386 1129 1471; x_wconf 77' lang='lat' dir='ltr'><strong>iuvestiga-</strong></span> 
     </span>
     <span class='ocr_line' id='line_1_11' title="bbox 98 1495 1130 1586; baseline 0.004 -23"><span class='ocrx_word' id='word_1_81' title='bbox 98 1499 188 1563; x_wconf 84' lang='lat' dir='ltr'><strong>tiena</strong></span> <span class='ocrx_word' id='word_1_82' title='bbox 208 1497 402 1566; x_wconf 69' lang='lat' dir='ltr'><strong>insistebant</strong></span> <span class='ocrx_word' id='word_1_83' title='bbox 418 1496 581 1586; x_wconf 73' lang='lat' dir='ltr'><strong>altiusque</strong></span> <span class='ocrx_word' id='word_1_84' title='bbox 600 1495 823 1584; x_wconf 85' lang='lat' dir='ltr'><strong>penetrabaat,</strong></span> <span class='ocrx_word' id='word_1_85' title='bbox 842 1499 901 1566; x_wconf 81' lang='lat' dir='ltr'><strong>sed</strong></span> <span class='ocrx_word' id='word_1_86' title='bbox 920 1521 1046 1567; x_wconf 83' lang='lat' dir='ltr'><strong>semma</strong></span> <span class='ocrx_word' id='word_1_87' title='bbox 1060 1513 1130 1567; x_wconf 81' lang='lat' dir='ltr'><strong>tau·</strong></span> 
     </span>
     <span class='ocr_line' id='line_1_12' title="bbox 100 1606 1130 1701; baseline 0.002 -21"><span class='ocrx_word' id='word_1_88' title='bbox 100 1606 169 1681; x_wconf 83' lang='lat' dir='ltr'><strong>tsrn</strong></span> <span class='ocrx_word' id='word_1_89' title='bbox 190 1614 377 1683; x_wconf 79' lang='lat' dir='ltr'><strong>delibabaat</strong></span> <span class='ocrx_word' id='word_1_90' title='bbox 396 1609 452 1683; x_wconf 82' lang='lat' dir='ltr'><strong>vel</strong></span> <span class='ocrx_word' id='word_1_91' title='bbox 470 1617 505 1681; x_wconf 89' lang='lat' dir='ltr'><strong>in</strong></span> <span class='ocrx_word' id='word_1_92' title='bbox 524 1617 638 1701; x_wconf 83' lang='lat' dir='ltr'><strong>primis</strong></span> <span class='ocrx_word' id='word_1_93' title='bbox 663 1611 831 1681; x_wconf 85' lang='lat' dir='ltr'><strong>literarum</strong></span> <span class='ocrx_word' id='word_1_94' title='bbox 856 1613 1023 1683; x_wconf 74' lang='lat' dir='ltr'><strong>liminibus</strong></span> <span class='ocrx_word' id='word_1_95' title='bbox 1042 1615 1130 1683; x_wconf 83' lang='lat' dir='ltr'><strong>haa-</strong></span> 
     </span>
     <span class='ocr_line' id='line_1_13' title="bbox 100 1708 1130 1820; baseline 0.002 -24"><span class='ocrx_word' id='word_1_96' title='bbox 100 1723 225 1802; x_wconf 83' lang='lat' dir='ltr'><strong>rehant.</strong></span> <span class='ocrx_word' id='word_1_97' title='bbox 266 1733 320 1800; x_wconf 82' lang='lat' dir='ltr'><strong>Ex</strong></span> <span class='ocrx_word' id='word_1_98' title='bbox 340 1732 404 1801; x_wconf 80' lang='lat' dir='ltr'><strong>hee</strong></span> <span class='ocrx_word' id='word_1_99' title='bbox 424 1708 552 1800; x_wconf 83' lang='lat' dir='ltr'><strong>innieae</strong></span> <span class='ocrx_word' id='word_1_100' title='bbox 575 1731 684 1818; x_wconf 74' lang='lat' dir='ltr'><strong>gentis</strong></span> <span class='ocrx_word' id='word_1_101' title='bbox 708 1732 859 1819; x_wconf 77' lang='lat' dir='ltr'><strong>ingenia,</strong></span> <span class='ocrx_word' id='word_1_102' title='bbox 887 1732 973 1819; x_wconf 83' lang='lat' dir='ltr'><strong>qued</strong></span> <span class='ocrx_word' id='word_1_103' title='bbox 1001 1733 1130 1820; x_wconf 82' lang='lat' dir='ltr'><strong>quitiam</strong></span> 
     </span>
     <span class='ocr_line' id='line_1_14' title="bbox 100 1844 1130 1938; baseline 0.001 -25"><span class='ocrx_word' id='word_1_104' title='bbox 100 1849 136 1913; x_wconf 88' lang='lat' dir='ltr'><strong>lu</strong></span> <span class='ocrx_word' id='word_1_105' title='bbox 156 1846 294 1935; x_wconf 80' lang='lat' dir='ltr'><strong>singulis</strong></span> <span class='ocrx_word' id='word_1_106' title='bbox 315 1844 467 1938; x_wconf 83' lang='lat' dir='ltr'><strong>persequi</strong></span> <span class='ocrx_word' id='word_1_107' title='bbox 486 1847 617 1938; x_wconf 77' lang='lat' dir='ltr'><strong>langius</strong></span> <span class='ocrx_word' id='word_1_108' title='bbox 638 1870 659 1915; x_wconf 88' lang='lat' dir='ltr'><strong>a</strong></span> <span class='ocrx_word' id='word_1_109' title='bbox 677 1871 713 1916; x_wconf 86' lang='lat' dir='ltr'><strong>re</strong></span> <span class='ocrx_word' id='word_1_110' title='bbox 733 1849 900 1936; x_wconf 79' lang='lat' dir='ltr'><strong>preposita</strong></span> <span class='ocrx_word' id='word_1_111' title='bbox 920 1846 1033 1932; x_wconf 79' lang='lat' dir='ltr'><strong>abest,</strong></span> <span class='ocrx_word' id='word_1_112' title='bbox 1064 1870 1130 1915; x_wconf 80' lang='lat' dir='ltr'><strong>am·</strong></span> 
     </span>
     <span class='ocr_line' id='line_1_15' title="bbox 100 1964 1127 2058; baseline -0.001 -28"><span class='ocrx_word' id='word_1_113' title='bbox 100 1967 189 2031; x_wconf 82' lang='lat' dir='ltr'><strong>aiam</strong></span> <span class='ocrx_word' id='word_1_114' title='bbox 211 1964 453 2058; x_wconf 78' lang='lat' dir='ltr'><strong>diseiplinarum</strong></span> <span class='ocrx_word' id='word_1_115' title='bbox 473 1966 556 2052; x_wconf 81' lang='lat' dir='ltr'><strong>apud</strong></span> <span class='ocrx_word' id='word_1_116' title='bbox 575 1966 673 2032; x_wconf 82' lang='lat' dir='ltr'><strong>leues</strong></span> <span class='ocrx_word' id='word_1_117' title='bbox 693 1968 872 2053; x_wconf 73' lang='lat' dir='ltr'><strong>artiumque</strong></span> <span class='ocrx_word' id='word_1_118' title='bbox 899 1964 1018 2051; x_wconf 82' lang='lat' dir='ltr'><strong>pendet</strong></span> <span class='ocrx_word' id='word_1_119' title='bbox 1040 1966 1127 2031; x_wconf 85' lang='lat' dir='ltr'><strong>ratio</strong></span> 
     </span>
     <span class='ocr_line' id='line_1_16' title="bbox 98 2079 1131 2171; baseline -0.002 -24"><span class='ocrx_word' id='word_1_120' title='bbox 98 2092 136 2147; x_wconf 84' lang='lat' dir='ltr'><strong>et</strong></span> <span class='ocrx_word' id='word_1_121' title='bbox 156 2085 300 2147; x_wconf 54' lang='lat' dir='ltr'><strong>saturas</strong></span> <span class='ocrx_word' id='word_1_122' title='bbox 322 2080 415 2146; x_wconf 76' lang='lat' dir='ltr'><strong>llaec</strong></span> <span class='ocrx_word' id='word_1_123' title='bbox 436 2079 573 2171; x_wconf 83' lang='lat' dir='ltr'><strong>deniqne</strong></span> <span class='ocrx_word' id='word_1_124' title='bbox 594 2103 693 2149; x_wconf 84' lang='lat' dir='ltr'><strong>eausa</strong></span> <span class='ocrx_word' id='word_1_125' title='bbox 712 2081 786 2166; x_wconf 81' lang='lat' dir='ltr'><strong>fait,</strong></span> <span class='ocrx_word' id='word_1_126' title='bbox 809 2102 866 2148; x_wconf 86' lang='lat' dir='ltr'><strong>cur</strong></span> <span class='ocrx_word' id='word_1_127' title='bbox 883 2080 979 2146; x_wconf 82' lang='lat' dir='ltr'><strong>lanea</strong></span> <span class='ocrx_word' id='word_1_128' title='bbox 1003 2099 1079 2145; x_wconf 86' lang='lat' dir='ltr'><strong>enm</strong></span> <span class='ocrx_word' id='word_1_129' title='bbox 1097 2081 1131 2145; x_wconf 85' lang='lat' dir='ltr'><strong>is</strong></span> 
     </span>
     <span class='ocr_line' id='line_1_17' title="bbox 101 2191 1132 2284; baseline -0.002 -21"><span class='ocrx_word' id='word_1_130' title='bbox 101 2198 194 2284; x_wconf 79' lang='lat' dir='ltr'><strong>spina</strong></span> <span class='ocrx_word' id='word_1_131' title='bbox 216 2201 308 2284; x_wconf 78' lang='lat' dir='ltr'><strong>paesi</strong></span> <span class='ocrx_word' id='word_1_132' title='bbox 328 2216 486 2262; x_wconf 82' lang='lat' dir='ltr'><strong>summum</strong></span> <span class='ocrx_word' id='word_1_133' title='bbox 507 2200 573 2263; x_wconf 83' lang='lat' dir='ltr'><strong>siut</strong></span> <span class='ocrx_word' id='word_1_134' title='bbox 592 2201 752 2282; x_wconf 79' lang='lat' dir='ltr'><strong>assecuti,</strong></span> <span class='ocrx_word' id='word_1_135' title='bbox 771 2199 814 2274; x_wconf 74' lang='lat' dir='ltr'><strong>jin</strong></span> <span class='ocrx_word' id='word_1_136' title='bbox 834 2196 938 2282; x_wconf 75' lang='lat' dir='ltr'><strong>lyrim</strong></span> <span class='ocrx_word' id='word_1_137' title='bbox 955 2191 1043 2259; x_wconf 85' lang='lat' dir='ltr'><strong>ultra</strong></span> <span class='ocrx_word' id='word_1_138' title='bbox 1064 2191 1132 2261; x_wconf 86' lang='lat' dir='ltr'><strong>ele·</strong></span> 
     </span>
     <span class='ocr_line' id='line_1_18' title="bbox 99 2308 1131 2402; baseline 0.001 -23"><span class='ocrx_word' id='word_1_139' title='bbox 99 2317 201 2402; x_wconf 78' lang='lat' dir='ltr'><strong>giam,</strong></span> <span class='ocrx_word' id='word_1_140' title='bbox 222 2316 256 2380; x_wconf 89' lang='lat' dir='ltr'><strong>iu</strong></span> <span class='ocrx_word' id='word_1_141' title='bbox 272 2308 505 2381; x_wconf 75' lang='lat' dir='ltr'><strong>conscribenda</strong></span> <span class='ocrx_word' id='word_1_142' title='bbox 524 2312 659 2381; x_wconf 87' lang='lat' dir='ltr'><strong>historia</strong></span> <span class='ocrx_word' id='word_1_143' title='bbox 671 2313 758 2380; x_wconf 90' lang='lat' dir='ltr'><strong>ultra</strong></span> <span class='ocrx_word' id='word_1_144' title='bbox 771 2309 1018 2401; x_wconf 74' lang='lat' dir='ltr'><strong>lngugraplriam</strong></span> <span class='ocrx_word' id='word_1_145' title='bbox 1035 2333 1131 2400; x_wconf 84' lang='lat' dir='ltr'><strong>qnam</strong></span> 
     </span>
     <span class='ocr_line' id='line_1_19' title="bbox 29 2427 1130 2521; baseline 0 -22"><span class='ocrx_word' id='word_1_146' title='bbox 29 2461 32 2465; x_wconf 52' lang='lat'><strong><em>¹</em></strong></span> <span class='ocrx_word' id='word_1_147' title='bbox 99 2445 235 2513; x_wconf 80' lang='lat' dir='ltr'><strong>verant,</strong></span> <span class='ocrx_word' id='word_1_148' title='bbox 272 2443 306 2496; x_wconf 89' lang='lat' dir='ltr'><strong>at</strong></span> <span class='ocrx_word' id='word_1_149' title='bbox 340 2432 375 2494; x_wconf 90' lang='lat' dir='ltr'><strong>iu</strong></span> <span class='ocrx_word' id='word_1_150' title='bbox 407 2427 615 2518; x_wconf 76' lang='lat' dir='ltr'><strong>philosophia</strong></span> <span class='ocrx_word' id='word_1_151' title='bbox 643 2430 730 2497; x_wconf 87' lang='lat' dir='ltr'><strong>ultra</strong></span> <span class='ocrx_word' id='word_1_152' title='bbox 753 2429 922 2521; x_wconf 76' lang='lat' dir='ltr'><strong>physicam</strong></span> <span class='ocrx_word' id='word_1_153' title='bbox 951 2430 1130 2498; x_wconf 82' lang='lat' dir='ltr'><strong>doetriuam</strong></span> 
     </span>
     <span class='ocr_line' id='line_1_20' title="bbox 100 2527 1131 2635; baseline 0.004 -25"><span class='ocrx_word' id='word_1_154' title='bbox 100 2547 226 2632; x_wconf 77' lang='lat' dir='ltr'><strong>egressi</strong></span> <span class='ocrx_word' id='word_1_155' title='bbox 247 2567 311 2611; x_wconf 90' lang='lat' dir='ltr'><strong>non</strong></span> <span class='ocrx_word' id='word_1_156' title='bbox 333 2548 409 2611; x_wconf 83' lang='lat' dir='ltr'><strong>siut.</strong></span> <span class='ocrx_word' id='word_1_157' title='bbox 450 2545 502 2612; x_wconf 85' lang='lat' dir='ltr'><strong>Ea</strong></span> <span class='ocrx_word' id='word_1_158' title='bbox 520 2527 599 2615; x_wconf 82' lang='lat' dir='ltr'><strong>vern</strong></span> <span class='ocrx_word' id='word_1_159' title='bbox 621 2569 686 2635; x_wconf 85' lang='lat' dir='ltr'><strong>qua</strong></span> <span class='ocrx_word' id='word_1_160' title='bbox 704 2547 767 2612; x_wconf 89' lang='lat' dir='ltr'><strong>lou</strong></span> <span class='ocrx_word' id='word_1_161' title='bbox 789 2546 876 2614; x_wconf 80' lang='lat' dir='ltr'><strong>vixit</strong></span> <span class='ocrx_word' id='word_1_162' title='bbox 894 2561 1020 2632; x_wconf 88' lang='lat' dir='ltr'><strong>aetate,</strong></span> <span class='ocrx_word' id='word_1_163' title='bbox 1045 2552 1131 2616; x_wconf 88' lang='lat' dir='ltr'><strong>siant</strong></span> 
     </span>
    </p>
   </div>
   <div class='ocr_carea' id='block_1_2' title="bbox 81 2662 1140 3101">
    <p class='ocr_par' dir='ltr' id='par_1_2' title="bbox 81 2662 1140 3101">
     <span class='ocr_line' id='line_1_21' title="bbox 100 2662 1131 2754; baseline 0.005 -26"><span class='ocrx_word' id='word_1_164' title='bbox 100 2664 187 2749; x_wconf 80' lang='lat' dir='ltr'><strong>amni</strong></span> <span class='ocrx_word' id='word_1_165' title='bbox 207 2663 276 2729; x_wconf 82' lang='lat' dir='ltr'><strong>iera</strong></span> <span class='ocrx_word' id='word_1_166' title='bbox 295 2662 378 2728; x_wconf 87' lang='lat' dir='ltr'><strong>llere</strong></span> <span class='ocrx_word' id='word_1_167' title='bbox 402 2684 463 2729; x_wconf 86' lang='lat' dir='ltr'><strong>sua</strong></span> <span class='ocrx_word' id='word_1_168' title='bbox 483 2665 609 2730; x_wconf 79' lang='lat' dir='ltr'><strong>ionitae</strong></span> <span class='ocrx_word' id='word_1_169' title='bbox 630 2663 780 2730; x_wconf 85' lang='lat' dir='ltr'><strong>civitates</strong></span> <span class='ocrx_word' id='word_1_170' title='bbox 803 2667 874 2751; x_wconf 81' lang='lat' dir='ltr'><strong>jam</strong></span> <span class='ocrx_word' id='word_1_171' title='bbox 900 2664 1031 2731; x_wconf 85' lang='lat' dir='ltr'><strong>luerunt</strong></span> <span class='ocrx_word' id='word_1_172' title='bbox 1057 2688 1131 2754; x_wconf 81' lang='lat' dir='ltr'><strong>per·</strong></span> 
     </span>
     <span class='ocr_line' id='line_1_22' title="bbox 96 2759 1130 2870; baseline 0.001 -27"><span class='ocrx_word' id='word_1_173' title='bbox 96 2781 240 2863; x_wconf 82' lang='lat' dir='ltr'><strong>lunatae,</strong></span> <span class='ocrx_word' id='word_1_174' title='bbox 259 2781 309 2846; x_wconf 87' lang='lat' dir='ltr'><strong>ita</strong></span> <span class='ocrx_word' id='word_1_175' title='bbox 321 2778 409 2847; x_wconf 46' lang='lat' dir='ltr'><strong>&gt;laea</strong></span> <span class='ocrx_word' id='word_1_176' title='bbox 430 2759 555 2870; x_wconf 77' lang='lat' dir='ltr'><strong>qunque</strong></span> <span class='ocrx_word' id='word_1_177' title='bbox 575 2759 685 2869; x_wconf 74' lang='lat' dir='ltr'><strong>poesis</strong></span> <span class='ocrx_word' id='word_1_178' title='bbox 705 2793 740 2845; x_wconf 87' lang='lat' dir='ltr'><strong>et</strong></span> <span class='ocrx_word' id='word_1_179' title='bbox 759 2778 927 2847; x_wconf 84' lang='lat' dir='ltr'><strong>literarum</strong></span> <span class='ocrx_word' id='word_1_180' title='bbox 946 2779 1040 2844; x_wconf 88' lang='lat' dir='ltr'><strong>initia</strong></span> <span class='ocrx_word' id='word_1_181' title='bbox 1061 2800 1130 2845; x_wconf 82' lang='lat' dir='ltr'><strong>ma·</strong></span> 
     </span>
     <span class='ocr_line' id='line_1_23' title="bbox 81 2895 1140 2985; baseline 0 -25"><span class='ocrx_word' id='word_1_182' title='bbox 81 2896 222 2961; x_wconf 17' lang='lat' dir='ltr'><strong>eximam</strong></span> <span class='ocrx_word' id='word_1_183' title='bbox 241 2907 366 2983; x_wconf 79' lang='lat' dir='ltr'><strong>partera</strong></span> <span class='ocrx_word' id='word_1_184' title='bbox 384 2900 551 2985; x_wconf 86' lang='lat' dir='ltr'><strong>antiquata</strong></span> <span class='ocrx_word' id='word_1_185' title='bbox 571 2908 673 2963; x_wconf 87' lang='lat' dir='ltr'><strong>arant.</strong></span> <span class='ocrx_word' id='word_1_186' title='bbox 693 2895 909 2963; x_wconf 67' lang='lat' dir='ltr'><strong>Athenienses</strong></span> <span class='ocrx_word' id='word_1_187' title='bbox 930 2898 1032 2983; x_wconf 60' lang='lat' dir='ltr'><strong>euim2</strong></span> <span class='ocrx_word' id='word_1_188' title='bbox 1048 2900 1140 2983; x_wconf 64' lang='lat' dir='ltr'><strong>qum&#39;</strong></span> 
     </span>
     <span class='ocr_line' id='line_1_24' title="bbox 96 3011 1128 3101; baseline 0.001 -24"><span class='ocrx_word' id='word_1_189' title='bbox 96 3032 168 3086; x_wconf 82' lang='lat' dir='ltr'><strong>rum</strong></span> <span class='ocrx_word' id='word_1_190' title='bbox 189 3011 308 3077; x_wconf 79' lang='lat' dir='ltr'><strong>florens</strong></span> <span class='ocrx_word' id='word_1_191' title='bbox 329 3025 422 3079; x_wconf 82' lang='lat' dir='ltr'><strong>aetas</strong></span> <span class='ocrx_word' id='word_1_192' title='bbox 449 3025 517 3078; x_wconf 88' lang='lat' dir='ltr'><strong>tum</strong></span> <span class='ocrx_word' id='word_1_193' title='bbox 543 3033 668 3078; x_wconf 85' lang='lat' dir='ltr'><strong>summa</strong></span> <span class='ocrx_word' id='word_1_194' title='bbox 696 3024 764 3080; x_wconf 87' lang='lat' dir='ltr'><strong>tum</strong></span> <span class='ocrx_word' id='word_1_195' title='bbox 791 3023 957 3101; x_wconf 79' lang='lat' dir='ltr'><strong>postrema</strong></span> <span class='ocrx_word' id='word_1_196' title='bbox 986 3014 1128 3097; x_wconf 80' lang='lat' dir='ltr'><strong>exstitit,</strong></span> 
     </span>
    </p>
   </div>
   <div class='ocr_carea' id='block_1_3' title="bbox 82 3121 1129 4032">
    <p class='ocr_par' dir='ltr' id='par_1_3' title="bbox 82 3121 1129 4032">
     <span class='ocr_line' id='line_1_25' title="bbox 93 3121 1127 3217; baseline 0 -24"><span class='ocrx_word' id='word_1_197' title='bbox 93 3127 294 3196; x_wconf 25' lang='lat' dir='ltr'><strong>nnn-*sulum</strong></span> <span class='ocrx_word' id='word_1_198' title='bbox 319 3129 463 3194; x_wconf 83' lang='lat' dir='ltr'><strong>eivitatis</strong></span> <span class='ocrx_word' id='word_1_199' title='bbox 489 3149 569 3195; x_wconf 87' lang='lat' dir='ltr'><strong>suae</strong></span> <span class='ocrx_word' id='word_1_200' title='bbox 597 3131 743 3217; x_wconf 79' lang='lat' dir='ltr'><strong>petentia</strong></span> <span class='ocrx_word' id='word_1_201' title='bbox 768 3133 946 3196; x_wconf 85' lang='lat' dir='ltr'><strong>maximam</strong></span> <span class='ocrx_word' id='word_1_202' title='bbox 967 3121 1127 3196; x_wconf 77' lang='lat' dir='ltr'><strong>Graeciae</strong></span> 
     </span>
     <span class='ocr_line' id='line_1_26' title="bbox 88 3243 1129 3333; baseline 0 -23"><span class='ocrx_word' id='word_1_203' title='bbox 88 3258 218 3331; x_wconf 67' lang='lat' dir='ltr'><strong>&#39;partem</strong></span> <span class='ocrx_word' id='word_1_204' title='bbox 240 3257 405 3332; x_wconf 80' lang='lat' dir='ltr'><strong>parentem</strong></span> <span class='ocrx_word' id='word_1_205' title='bbox 427 3243 669 3333; x_wconf 81' lang='lat' dir='ltr'><strong>obnoxiamque</strong></span> <span class='ocrx_word' id='word_1_206' title='bbox 690 3245 753 3312; x_wconf 86' lang='lat' dir='ltr'><strong>sibi</strong></span> <span class='ocrx_word' id='word_1_207' title='bbox 766 3247 982 3326; x_wconf 78' lang='lat' dir='ltr'><strong>reddiderant,</strong></span> <span class='ocrx_word' id='word_1_208' title='bbox 1001 3246 1061 3312; x_wconf 84' lang='lat' dir='ltr'><strong>ttetl</strong></span> <span class='ocrx_word' id='word_1_209' title='bbox 1076 3243 1129 3312; x_wconf 84' lang='lat' dir='ltr'><strong>vel</strong></span> 
     </span>
     <span class='ocr_line' id='line_1_27' title="bbox 93 3360 1129 3452; baseline -0.001 -23"><span class='ocrx_word' id='word_1_210' title='bbox 93 3365 239 3430; x_wconf 74' lang='lat' dir='ltr'><strong>maxine</strong></span> <span class='ocrx_word' id='word_1_211' title='bbox 258 3365 313 3444; x_wconf 88' lang='lat' dir='ltr'><strong>iis,</strong></span> <span class='ocrx_word' id='word_1_212' title='bbox 335 3381 417 3449; x_wconf 84' lang='lat' dir='ltr'><strong>quae</strong></span> <span class='ocrx_word' id='word_1_213' title='bbox 435 3363 470 3426; x_wconf 85' lang='lat' dir='ltr'><strong>iu</strong></span> <span class='ocrx_word' id='word_1_214' title='bbox 491 3361 618 3429; x_wconf 85' lang='lat' dir='ltr'><strong>artibus</strong></span> <span class='ocrx_word' id='word_1_215' title='bbox 638 3361 807 3452; x_wconf 70' lang='lat' dir='ltr'><strong>literisque</strong></span> <span class='ocrx_word' id='word_1_216' title='bbox 828 3373 1027 3430; x_wconf 77' lang='lat' dir='ltr'><strong>novaverant</strong></span> <span class='ocrx_word' id='word_1_217' title='bbox 1040 3375 1075 3429; x_wconf 87' lang='lat' dir='ltr'><strong>et</strong></span> <span class='ocrx_word' id='word_1_218' title='bbox 1088 3360 1129 3428; x_wconf 73' lang='lat' dir='ltr'><strong>ud</strong></span> 
     </span>
     <span class='ocr_line' id='line_1_28' title="bbox 93 3478 1127 3569; baseline -0.003 -24"><span class='ocrx_word' id='word_1_219' title='bbox 93 3498 251 3545; x_wconf 86' lang='lat' dir='ltr'><strong>summam</strong></span> <span class='ocrx_word' id='word_1_220' title='bbox 277 3478 498 3565; x_wconf 84' lang='lat' dir='ltr'><strong>perduxerant</strong></span> <span class='ocrx_word' id='word_1_221' title='bbox 518 3480 670 3545; x_wconf 87' lang='lat' dir='ltr'><strong>virtutem</strong></span> <span class='ocrx_word' id='word_1_222' title='bbox 699 3494 731 3547; x_wconf 90' lang='lat' dir='ltr'><strong>et</strong></span> <span class='ocrx_word' id='word_1_223' title='bbox 757 3482 988 3569; x_wconf 78' lang='lat' dir='ltr'><strong>praestantiam</strong></span> <span class='ocrx_word' id='word_1_224' title='bbox 1017 3497 1127 3545; x_wconf 82' lang='lat' dir='ltr'><strong>omues</strong></span> 
     </span>
     <span class='ocr_line' id='line_1_29' title="bbox 93 3592 1128 3683; baseline 0.001 -25"><span class='ocrx_word' id='word_1_225' title='bbox 93 3594 163 3659; x_wconf 83' lang='lat' dir='ltr'><strong>lere</strong></span> <span class='ocrx_word' id='word_1_226' title='bbox 184 3592 329 3660; x_wconf 78' lang='lat' dir='ltr'><strong>Graecas</strong></span> <span class='ocrx_word' id='word_1_227' title='bbox 348 3596 496 3683; x_wconf 79' lang='lat' dir='ltr'><strong>inprimis</strong></span> <span class='ocrx_word' id='word_1_228' title='bbox 521 3594 619 3661; x_wconf 83' lang='lat' dir='ltr'><strong>lanea</strong></span> <span class='ocrx_word' id='word_1_229' title='bbox 650 3598 698 3662; x_wconf 90' lang='lat' dir='ltr'><strong>ita</strong></span> <span class='ocrx_word' id='word_1_230' title='bbox 732 3598 964 3678; x_wconf 83' lang='lat' dir='ltr'><strong>devinxerant,</strong></span> <span class='ocrx_word' id='word_1_231' title='bbox 1007 3607 1043 3660; x_wconf 89' lang='lat' dir='ltr'><strong>ut</strong></span> <span class='ocrx_word' id='word_1_232' title='bbox 1076 3594 1128 3659; x_wconf 83' lang='lat' dir='ltr'><strong>sui</strong></span> 
     </span>
     <span class='ocr_line' id='line_1_30' title="bbox 91 3704 1126 3800; baseline 0.002 -26"><span class='ocrx_word' id='word_1_233' title='bbox 91 3704 236 3798; x_wconf 80' lang='lat' dir='ltr'><strong>ipsarum</strong></span> <span class='ocrx_word' id='word_1_234' title='bbox 256 3730 360 3797; x_wconf 86' lang='lat' dir='ltr'><strong>paene</strong></span> <span class='ocrx_word' id='word_1_235' title='bbox 380 3713 584 3779; x_wconf 82' lang='lat' dir='ltr'><strong>immemores</strong></span> <span class='ocrx_word' id='word_1_236' title='bbox 604 3715 748 3780; x_wconf 81' lang='lat' dir='ltr'><strong>universi</strong></span> <span class='ocrx_word' id='word_1_237' title='bbox 767 3716 800 3778; x_wconf 91' lang='lat' dir='ltr'><strong>in</strong></span> <span class='ocrx_word' id='word_1_238' title='bbox 829 3713 906 3779; x_wconf 85' lang='lat' dir='ltr'><strong>illes</strong></span> <span class='ocrx_word' id='word_1_239' title='bbox 932 3723 1126 3800; x_wconf 71' lang='lat' dir='ltr'><strong>spectarent.</strong></span> 
     </span>
     <span class='ocr_line' id='line_1_31' title="bbox 91 3825 1126 3912; baseline -0.003 -19"><span class='ocrx_word' id='word_1_240' title='bbox 91 3825 167 3905; x_wconf 77' lang='lat' dir='ltr'><strong>Qua</strong></span> <span class='ocrx_word' id='word_1_241' title='bbox 194 3829 315 3895; x_wconf 84' lang='lat' dir='ltr'><strong>laetum</strong></span> <span class='ocrx_word' id='word_1_242' title='bbox 344 3839 413 3912; x_wconf 80' lang='lat' dir='ltr'><strong>eut,</strong></span> <span class='ocrx_word' id='word_1_243' title='bbox 448 3842 484 3897; x_wconf 89' lang='lat' dir='ltr'><strong>ut</strong></span> <span class='ocrx_word' id='word_1_244' title='bbox 511 3852 557 3896; x_wconf 88' lang='lat' dir='ltr'><strong>ex</strong></span> <span class='ocrx_word' id='word_1_245' title='bbox 586 3830 735 3897; x_wconf 81' lang='lat' dir='ltr'><strong>omuibus</strong></span> <span class='ocrx_word' id='word_1_246' title='bbox 757 3828 914 3897; x_wconf 78' lang='lat' dir='ltr'><strong>Graeciae</strong></span> <span class='ocrx_word' id='word_1_247' title='bbox 944 3826 1126 3896; x_wconf 80' lang='lat' dir='ltr'><strong>civitatibus</strong></span> 
     </span>
     <span class='ocr_line' id='line_1_32' title="bbox 82 3941 1126 4032; baseline 0.004 -24"><span class='ocrx_word' id='word_1_248' title='bbox 82 3943 272 4032; x_wconf 70' lang='lat' dir='ltr'><strong>quintaque</strong></span> <span class='ocrx_word' id='word_1_249' title='bbox 297 3941 465 4018; x_wconf 80' lang='lat' dir='ltr'><strong>literarum</strong></span> <span class='ocrx_word' id='word_1_250' title='bbox 493 3947 603 4013; x_wconf 85' lang='lat' dir='ltr'><strong>studio</strong></span> <span class='ocrx_word' id='word_1_251' title='bbox 632 3945 840 4031; x_wconf 83' lang='lat' dir='ltr'><strong>tenebantur,</strong></span> <span class='ocrx_word' id='word_1_252' title='bbox 874 3945 1024 4031; x_wconf 78' lang='lat' dir='ltr'><strong>Athenas</strong></span> <span class='ocrx_word' id='word_1_253' title='bbox 1051 3962 1126 4012; x_wconf 84' lang='lat' dir='ltr'><strong>eeu·</strong></span> 
     </span>
    </p>
   </div>
   <div class='ocr_carea' id='block_1_4' title="bbox 0 0 1223 4290">
    <p class='ocr_par' dir='ltr' id='par_1_4' title="bbox 0 0 1223 4290">
     <span class='ocr_line' id='line_1_33' title="bbox 0 0 1223 4290; baseline 0 0"><span class='ocrx_word' id='word_1_254' title='bbox 0 0 1223 4290; x_wconf 95' lang='lat' dir='ltr'><strong> </strong></span> 
     </span>
    </p>
   </div>
  </div>
 </body>
</html>
