2430 4290
1049 81 1099 154 tt

68 289 136 342 stet
157 274 320 340 ιοιίιιοιο.
347 264 503 352 Equidem
524 265 609 326 enim
630 273 667 326 ut
685 281 814 328 versum
842 285 862 327 e
888 262 1026 328 ehorieis
1045 282 1104 347 pu·
1126 292 1128 298 ι

10 390 21 457 ir
67 395 136 457 tius
159 410 221 476 qua
241 409 260 451 ο
282 382 427 451 diverbin
448 394 609 469 sumptum
636 398 709 443 esse
730 400 897 465 censeam,
919 381 1005 445 facit
1030 404 1103 468 eum

10 512 14 575 'r
68 527 188 574 sensus
210 519 277 592 tum
297 499 468 567 verborum
489 518 583 584 quem
603 497 713 561 dieunt
733 497 835 586 eolur.
846 497 1004 575 Quod
976 519 1008 563 ιι
1026 521 1105 566 vere

67 635 246 703 statuatur,
265 616 349 683 nihil
368 616 503 702 impedit
525 615 694 706 quominus
714 611 926 702 legamus:

688 761 806 819 ἔιιοοιιον
851 773 856 783 ’
899 780 900 784 ’

295 864 372 939 ἄγων
390 861 481 939 βιοῦν
500 859 589 947 mittin
605 862 731 935 τρέχοντι
748 864 858 937 ῥυθμῷ.
939 908 942 914 ,
1102 878 1106 895 ·

69 1234 210 1307 uterque
228 1221 277 1285 sie
299 1232 349 1284 est
368 1240 482 1285 versus
502 1218 712 1304 lugaidicns,
741 1239 876 1305 quorum
902 1220 1003 1302 priori
1029 1243 1107 1306 pars

72 1340 179 1403 deest.
198 1373 240 1386 -
270 1334 442 1401 Praeterea
469 1338 661 1401 monendum
689 1349 739 1399 est
757 1357 817 1420 pro
835 1333 988 1419 τρέχοντα
1006 1336 1117 1404 Hem-s

73 1454 272 1521 sterhnsium
293 1453 336 1518 ad
356 1452 491 1517 Lneian.
512 1451 601 1518 Dial.
623 1452 711 1520 deor.
732 1449 801 1517 Xll
829 1432 1009 1538 conjecisse
1036 1456 1108 1544 τρή-

71 1592 192 1657 χοντα,
213 1581 250 1633 ut
268 1569 524 1656 intelligerentur
544 1570 668 1633 numeri
688 1569 945 1653 usperi;.neqne
965 1570 1107 1653 deluere,

74 1688 194 1776 quibus
222 1684 283 1750 hue
309 1687 488 1774 placeret,¹
504 1686 561 1762 sed
586 1683 708 1770 Ιτρέχων
730 1682 858 1770 ῥυθμὸς
877 1685 978 1750 multo
1000 1691 1107 1773 aptius

73 1819 127 1870 est
148 1807 268 1868 dietum
287 1804 326 1867 de
347 1803 516 1868 harmonia
535 1799 595 1866 illa
620 1800 772 1867 bacchius
799 1803 1001 1888 numerisque
1027 1806 1109 1869 inei·

11 1959 15 1962 ·
74 1925 156 1986 tatis
181 1919 368 2005 Phrygieis,
397 1921 438 1984 de
465 1916 580 2006 quibus
607 1917 747 1984 conferri
773 1915 869 1984 debet
895 1914 1040 1989 Boeelrlr.
1067 1922 1109 1985 de

73 2050 171 2105 metr.
192 2036 284 2102 Pind.
304 2035 366 2121 111,
387 2044 419 2118 8,
439 2059 471 2122 p.
490 2042 564 2101 239.

579 2192 610 2250 2·
711 2199 713 2202 Α

162 2301 374 2441 Hesyehins
358 2322 390 2368 r
403 2297 623 2387 τιμάλφης,
636 2301 775 2388 ἔντιμος,
785 2301 879 2389 τιμὴν
893 2301 1108 2391 ἄλφαίνουσοι,

76 2418 133 2489 διὰ
152 2423 211 2504 τῆς
230 2421 322 2504 τιμῆς
349 2405 529 2503 ἆγομένη.
527 2415 610 2485 “lev
632 2420 761 2486 Φοίνικι
780 2419 933 2504 δευτέρω,
953 2422 1037 2500 τινές
1052 2422 1112 2508 μὲν
1182 2479 1183 2483 ,

76 2534 140 2622 τὴν
161 2533 313 2617 ἰωνιον(
295 2541 374 2617 (.ser
396 2531 520 2618 ωνιον).
542 2536 581 2600 tle
603 2558 682 2601 voce
700 2534 861 2624 τιμάλφης
880 2539 921 2607 el.
942 2538 1059 2604 Snidas
1080 2553 1113 2604 et

77 2654 218 2721 Photins
237 2675 269 2718 v.

450 2911 513 2978 IX.
557 2912 746 2995 Φροοοοί.

166 3061 401 3151 Argumentum
417 3061 516 3146 hujus
535 3057 667 3124 fabulae
682 3059 766 3146 qnorl
780 3059 888 3146 fuerit,
910 3068 970 3131 viu
985 3068 1116 3148 dubium
1166 3045 1168 3048 ι

82 3191 194 3268 potest
217 3200 301 3261 esse,
322 3180 419 3243 morlo
440 3179 689 3259 meminerimus,
711 3179 744 3240 in
765 3179 918 3263 Aeschyli
938 3187 1115 3272 tragoedia,

77 3318 169 3384 quae
197 3293 384 3360 inscribitur
407 3292 560 3370 Hectogis
587 3292 673 3378 lytra
700 3296 769 3359 sive
795 3296 959 3383 Phryges,
987 3301 1119 3372 chorum

85 3416 189 3479 luisse
209 3413 277 3478 τῶν
303 3387 475 3497 φρουοῶν,
502 3414 558 3497 qui
578 3409 703 3494 seilicet
722 3399 815 3474 eurru
835 3415 870 3476 in
891 3427 996 3496 eastra
1018 3418 1120 3488 Grae.

88 3553 212 3597 eornm·
234 3528 373 3617 vehenii
403 3528 532 3591 Priamo
565 3540 674 3592 essent
706 3507 900 3614 praesidio(
917 3533 959 3597 ef.
987 3535 1118 3608 soture

87 3650 206 3747 fragm.
217 3643 421 3730 Aeschylip.
429 3649 500 3710 173.
521 3641 834 3727 WelekerAesehyl.
843 3643 1038 3738 Trilogiep.
1046 3660 1120 3723 425.

170 3763 319 3828 Priamus
343 3764 444 3847 igitur
459 3783 479 3823 a
493 3759 655 3825 Mercurio
677 3760 790 3826 duetus
812 3775 845 3826 et
864 3767 1002 3850 stipatus
1022 3769 1124 3841 οὶιοιο

89 3858 259 3947 custodum
294 3901 387 3944 curru
423 3875 597 3942 vehitur
586 3898 623 3944 ιο
657 3892 769 3947 eastra
796 3879 1010 3948 Graeeurum
1038 3878 1161 3942 ninum
