2430 4290
108 96 162 175 ’22

194 278 236 345 cl.
260 278 370 366 Eurip.
388 279 507 345 Medea
528 289 586 348 48:
607 278 747 346 nolucris
767 278 868 345 οἴκων
889 280 1005 364 κτῆμα.
1030 278 1085 345 116
1106 300 1157 344 vo·

115 398 164 463 cis
191 393 291 482 odpoc
313 420 373 463 usu
401 401 583 485 antiquiore
613 398 654 465 ci.
676 394 814 461 Lobeclr
840 399 882 461 ad
903 397 1026 480 Phryn.
1048 419 1082 481 p.
1103 402 1158 471 833

115 517 321 601 granunatici
342 536 382 581 ea
402 517 451 581 uti
471 528 584 583 vetant
603 515 645 581 cl.
662 515 801 581 l‘bavor.
816 519 910 597 1091,
925 520 979 583 28.
1003 518 1101 597 1636,
1114 518 1159 581 ts

467 768 529 834 1v.
572 764 816 852 Edodcrdar.

203 928 345 1015 Eurytus
373 932 553 999 Oechaliae
582 955 644 998 rex
672 935 848 997 certamine
877 932 1032 996 instituto
1064 930 1161 997 filiam

118 1043 227 1111 lolam
249 1049 292 1129 61,
314 1051 426 1134 quise
449 1047 502 1115 vel
521 1049 611 1115 filios
632 1073 709 1115 suos
730 1053 865 1115 vicisset
881 1046 1073 1135 pollicitus,
1095 1071 1161 1116 cum
1202 1002 1205 1081 1

119 1162 229 1227 datam
250 1162 349 1228 fidem
370 1166 500 1232 solvere
521 1180 685 1232 recusaret
697 1166 835 1233 Herculi
847 1169 977 1248 victori,
997 1168 1072 1253 ipse
1096 1186 1160 1231 cum

121 1277 203 1343 filiis
224 1282 265 1344 ab
288 1302 327 1344 eo
350 1285 527 1367 occiditur,
547 1285 624 1350 Jola
644 1292 677 1351 vi
699 1270 878 1350 abducitur.
916 1282 1016 1348 lleete
1039 1306 1084 1348 ex
1106 1282 1162 1346 hoc
1204 1355 1206 1378 Ι

121 1414 313 1485 argumento
341 1402 541 1487 tragoediam
569 1404 671 1467 fuisse
700 1400 845 1469 tabulam
868 1402 1063 1487 conjeceris.
1104 1396 1163 1464 Sed

122 1514 352 1604 Eurytidarum
380 1517 493 1584 sabula
520 1524 610 1586 varie
641 1534 790 1585 narratur
818 1540 839 1584 6
870 1516 1096 1602 scriptoribus.
1127 1514 1164 1581 cl.
1204 1565 1206 1578 .

121 1633 276 1721 Apollod.
299 1636 378 1703 6161.
402 1637 445 1719 11,
468 1644 499 1717 6,
521 1646 552 1722 1,
574 1648 594 1705 2
622 1638 732 1725 ibique
760 1638 894 1721 lleyne;
923 1634 1076 1719 Hyginus
1104 1631 1164 1697 166.

123 1756 159 1815 31
192 1769 225 1817 61
252 1762 312 1833 35;
344 1757 450 1824 60601.
478 1760 520 1823 66
547 1754 642 1820 Iliad.
664 1777 688 1819 ε.
710 1760 784 1820 392.
827 1753 991 1819 Homerus
1012 1751 1165 1835 Eurytum

123 1868 211 1935 domi
234 1895 312 1938 sune
335 1872 458 1941 obiisse
480 1872 594 1941 scribit
619 1870 739 1955 Odyss.
763 1894 807 1955 φ,
837 1877 897 1952 32,
926 1869 1039 1956 ibique
1068 1862 1166 1933 schol.

121 1986 203 2052 ltern
223 1990 262 2052 66
284 1991 363 2057 filiis
384 2015 449 2057 non
471 1993 623 2058 convenit
642 1992 726 2053 inter
743 1990 931 2074 scriptores.
952 1985 995 2052 cf.
1010 1983 1115 2049 schol.
1129 1980 1166 2047 ad

122 2102 297 2189 Sophoclis
325 2107 444 2176 Trach.
465 2132 497 2176 v.
519 2112 592 2174 269.
634 2106 828 2191 Plerumque
857 2104 922 2168 duo
953 2116 1079 2167 tantum
1106 2098 1165 2167 filii

122 2216 295 2287 laudantur
316 2223 444 2310 Clytius
467 2238 500 2289 et
520 2224 661 2310 Iphitus,
684 2221 727 2288 cf.
749 2222 873 2306 Hygia.
894 2218 918 2284 l.
940 2218 978 2303 1.,
1003 2218 1059 2286 vel
1080 2216 1166 2285 solus

124 2334 269 2422 Iphitus,
292 2342 334 2410 el.
355 2340 458 2406 schol.
480 2340 575 2406 Iliad.
597 2339 668 2407 1.1.
700 2338 868 2405 Hesiodus
892 2336 979 2421 apud
1000 2334 1107 2401 schol.
1128 2332 1168 2399 ad

121 2453 277 2539 Sophocl.
299 2458 419 2527 Trach.
439 2457 463 2524 1.
485 2457 509 2524 l.
532 2472 685 2546 quattuor
705 2457 789 2522 adeo
818 2457 983 2535 nominat,
1013 2451 1167 2537 Clytium,

125 2572 296 2656 Deionem,
318 2575 505 2659 Toxaeum,
528 2592 560 2641 61
581 2574 742 2660 Iphitum3
764 2573 838 2638 loco
859 2570 997 2636 Deionis
1019 2568 1080 2635 alii
1095 2568 1167 2635 Mo·

123 2686 241 2756 lionem
270 2693 411 2778 habent,
448 2694 490 2760 cf.
526 2693 706 2758 Hermann.
743 2689 785 2754 ad
821 2687 944 2758 Trach.
971 2686 997 2752 l.
1023 2685 1068 2764 l.;
1111 2684 1168 2753 6111

121 2811 218 2873 etiam
255 2823 321 2877 tres
354 2814 457 2879 luisse
491 2811 666 2877 voluerunt
693 2808 810 2891 Euryti
845 2805 954 2884 filios,
988 2804 1032 2869 cl.
1064 2800 1167 2869 schol.

121 2921 242 2989 Trach.
263 2926 287 2990 l.
311 2927 336 2994 1.
379 2930 504 2996 Horum
532 2930 631 3013 igitur
659 2925 888 3008 Eurytidarum
914 2912 1036 2988 'caedes
1066 2920 1167 2986 fuisso

119 3057 345 3129 argumentum
367 3048 557 3132 tragoediae
578 3045 719 3110 videtur.

628 3235 658 3293 l.

284 3348 315 3403 ἐκ
331 3344 442 3415 ζαθέων
459 3347 609 3400 athanasia
627 3338 800 3413 6666606116
819 3339 923 3405 ὄλπαις

286 3447 365 3505 oleon
381 3447 560 3518 dneoqlulov
575 3443 746 3515 κελαρύζετε.

378 3547 633 3616 61666116196,
655 3542 760 3602 6.”16ν
778 3544 794 3601 6
811 3547 882 3607 Χῖος
900 3538 931 3598 ἐν
948 3535 1134 3609 Εὐρυτίδαις.

203 3678 295 3747 Haec
316 3706 361 3749 ox
384 3683 484 3750 choro
513 3696 641 3769 sumpta
673 3703 747 3746 esse
780 3680 914 3764 quisque
941 3674 1048 3755 videt,
1078 3675 1169 3759 prior

120 3808 170 3861 ost
191 3819 304 3867 versus
324 3800 556 3887 logaoedieus,
577 3803 630 3865 cui
650 3798 799 3886 apposita
821 3806 871 3858 661
892 3795 926 3857 16
948 3789 1013 3854 1166
1035 3789 1170 3876 6166616

117 3913 303 3996 116666166;
325 3918 409 3986 alter
431 3918 613 4005 dactylicus
636 3928 688 3983 661
708 3925 895 3980 tetrameter
917 3904 1037 3975 acatal.
