2430 4290
1056 96 1107 171 59

120 262 186 329 οἶλλ
211 268 272 328 ου’δ’
290 265 336 340 dye
353 232 542 339 σῶμδιιυνιελο
560 271 667 340 διφυεῖς
683 289 713 327 τε
728 270 814 351 πόροις
830 271 994 331 ἐπιλάθεται
1012 268 1107 342 diade.

118 369 181 429 ἄλλ’
197 369 401 442 ὀλιγοδρανέων
417 369 600 441 φθεννάζεται
618 369 802 434 θάνατον·
822 372 947 431 θάνατον

52 477 54 481 ’
121 470 194 544 δ’ὅγε
212 472 382 535 δουλοσύνας
401 470 577 543 προβέβουλε.
678 548 680 551 .

83 628 118 673 et
146 613 334 672 sententiam
362 619 394 670 et
427 623 562 680 metrum
588 607 815 696 pessumdedit.
858 609 996 694 Videtur
1021 614 1106 700 euim

81 738 182 811 poeta
210 728 244 787 in
272 713 337 788 lnoc'
361 726 499 815 carmine
526 725 666 785 animum
694 725 728 785 in
757 730 928 793 certamine
954 732 1107 795 invictum

83 841 226 905 hominis
249 861 450 924 comparasse
471 860 541 901 cum
569 837 658 923 gallo
686 837 887 925 gallinaceo,
918 846 973 930 qui
999 866 1108 931 quam·

85 955 396 1041 quamvvulneribus
422 953 568 1039 plurimis
596 956 730 1018 affectus
764 957 931 1045 fessusque
962 983 1107 1048 corpore,

83 1075 171 1135 canit
192 1070 398 1135 nihilominus
420 1083 453 1133 et
472 1072 553 1133 mori
574 1070 708 1135 honeste
729 1094 823 1157 quam
837 1078 957 1140 servire
973 1078 1106 1165 mavult.

82 1187 197 1282 Neque
218 1190 315 1273 igitur
333 1190 368 1250 in
388 1186 440 1251 his
460 1186 547 1250 lonis
568 1185 674 1250 verbis
701 1187 741 1250 de
763 1188 886 1254 duobus
914 1192 1012 1276 gallis
1037 1193 1107 1280 gal-

84 1302 221 1368 linaceis
249 1320 299 1368 est
327 1326 453 1385 sermo,
479 1303 510 1366 id
539 1305 623 1388 quod
651 1305 776 1368 videtur
802 1319 934 1392 putasse
963 1309 1107 1392 Grotius,

83 1443 188 1508 neque
212 1418 308 1484 verba
330 1416 544 1505 φθονγάζεται
564 1416 708 1484 θάνατον
728 1422 776 1483 ite
796 1425 960 1487 commode
974 1439 1109 1509 possunt

82 1536 244 1622 intelligi,
257 1563 259 1565 ·
272 1551 306 1601 ut
332 1536 438 1621 gallus
464 1558 554 1600 suam
575 1539 644 1620 ipse
666 1546 798 1598 mortem
819 1553 913 1602 cautu
934 1541 1107 1624 significet,

77 1678 183 1740 ‚quare
204 1632 351 1719 θάνοιτον
370 1650 455 1716 male
476 1674 495 1716 a
513 1652 625 1716 Grotio
645 1650 786 1715 additum
807 1673 879 1716 esse
900 1656 1108 1722 contendi.-

169 1769 305 1858 Versus=
326 1771 389 1834 duo
423 1770 545 1854 priores
576 1767 714 1832 habendi
743 1781 817 1830 sunt
843 1785 1006 1852 postrema
1031 1795 1107 1858 pars

81 1889 270 1972 ¹systematis
299 1883 468 1969 dactylici3
491 1883 598 1972 alteri
626 1886 711 1947 enim
737 1899 788 1948 est
808 1885 983 1968 dactylicus
1010 1903 1108 1953 tetra·

79 2014 187 2072 meter
208 2013 301 2080 acet,
322 2003 373 2064 cui
393 2001 518 2065 additur
538 1997 703 2063 clausulae
723 1999 796 2064 loco
817 2003 960 2087 ejusdem
979 2009 1108 2089 generis

83 2121 228 2181 trimeter
249 2115 344 2180 catal.
363 2118 397 2179 in
411 2113 537 2198 disyll.;
558 2118 700 2202 sequitur
720 2138 832 2181 versus
853 2118 1029 2203 dactylicus
1050 2124 1107 2186 tri·

83 2247 188 2298 meter
209 2231 304 2299 catal.
321 2236 355 2296 in
376 2228 495 2316 disyll,
518 2233 572 2317 qui
593 2233 751 2296 clauditur
772 2235 908 2309 cretic03
929 2249 1107 2319 postremus

83 2362 136 2413 est
157 2351 240 2413 idem
262 2370 372 2412 versus
394 2347 509 2431 dactyl.
530 2359 687 2411 tetramet.
716 2347 812 2411 catal.
837 2351 870 2412 io
893 2350 1020 2436 disyll,
1049 2327 1108 2419 sed

84 2469 141 2552 qui
161 2463 202 2529 ob
223 2462 381 2550 duplicem
400 2465 579 2529 anacrusim
600 2461 715 2527 similis
737 2476 786 2525 est
806 2469 1021 2550 anapaestico.

169 2580 319 2646 Ceterum
352 2602 398 2645 ex
432 2581 570 2644 carmine
601 2578 703 2662 lyrico
738 2578 818 2644 haec
857 2603 929 2646 esse
970 2599 1106 2670 sumpta,

85 2711 200 2783 sponte
222 2710 364 2783 apparet,
385 2717 487 2782 nequa
508 2707 666 2761 certamen
687 2710 723 2759 ut
743 2697 813 2759 dixi
832 2696 990 2780 gallorum
1011 2701 1108 2792 galli-

85 2837 260 2880 naceorum
272 2814 323 2879 his
342 2811 492 2895 describi,
514 2833 703 2897 quemquam
716 2825 826 2896 posset
838 2813 960 2895 fugere,
983 2819 1108 2883 etiamsi

84 2929 180 2995 Philo
208 2950 272 2994 uon
298 2931 482 2994 iudicasset.
522 2927 630 3002 Quare
651 2949 713 2990 non
735 2925 874 2991 alienum
895 2951 966 2993 esse
986 2927 1026 2994 ab
1048 2933 1109 2999 hoc

83 3046 159 3112 loco
179 3048 317 3127 videtur,
338 3046 377 3108 de
398 3065 487 3108 more
507 3042 688 3127 hujusmodi
710 3047 915 3110 certaminum
937 3059 1004 3110 tum
1025 3051 1109 3133 apud

86 3150 231 3227 Graecos
253 3174 320 3225 tum
347 3161 430 3246 apud
451 3158 612 3224 Romanos
639 3151 789 3223 sollemni
819 3183 923 3246 pauca
949 3164 1109 3246 conferre,

76 3281 275 3366 praesertim
296 3299 368 3343 cum
388 3276 629 3340 similitudinem
649 3274 708 3339 hac
722 3278 755 3338 in
769 3298 804 3340 re
822 3280 994 3341 maximam
1007 3278 1109 3344 Athe.-

79 3395 253 3461 niensibus
273 3416 345 3463 cum
359 3391 476 3476 Anglis
495 3406 623 3456 nostrae
644 3394 758 3456 aetatis
778 3390 897 3476 populo
912 3394 1108 3460 intercedere

78 3515 262 3578 ¹videamus.
303 3511 458 3576 Invictam
485 3511 570 3571 enim
598 3505 687 3572 illam
713 3505 872 3591 gallorum
901 3511 1110 3592 pertinaciam

79 3643 118 3694 et
137 3631 291 3694 victoriae
312 3629 515 3714 cupiditatem
535 3638 661 3691 veteres
681 3629 879 3710 nequaquam
892 3624 1014 3710 fugisse
1027 3626 1109 3691 mul·

80 3749 129 3812 ¹tis
148 3768 197 3812 ex
222 3744 305 3810 locis
332 3720 476 3813 veterum
499 3747 686 3830 scriptorum
713 3752 853 3821 constat,
884 3741 981 3804 immo
1008 3740 1109 3806 Athe·

87 3866 233 3944 aienses,
258 3864 299 3928 da
324 3863 456 3951 reliquis
484 3840 570 3929 enim
597 3883 662 3929 non
688 3880 792 3950 aeque
811 3870 929 3924 notum
946 3867 1023 3930 ests
1036 3852 1127 3914 W*
