2430 4290
154 106 203 179 28

155 289 248 367 taos,
270 284 324 349 56.
342 281 442 368 δῆλον
459 278 494 347 di
514 280 569 347 καί
590 277 641 348 ὅτι
660 279 720 367 τὴν
739 280 855 368 ἑορτὴν
875 280 978 369 ὁρτὴν
997 290 1063 370 (se.
1086 284 1191 377 ὁρτὴν)

151 397 374 484 ἃισσυλίάβως
401 401 436 466 oi
458 396 716 485 μεταγενέστεροι
743 398 860 484 ἔλεγον.
904 402 970 465 Sed
992 406 1096 469 etiam
1117 410 1189 473 sari·

115 541 121 551 ·
150 533 239 608 ptum
260 519 363 584 luisse
384 514 485 603 ὁρτήν
511 517 605 581 dnaet
627 517 765 604 Gregor.
788 514 935 586 Corinth.
962 500 1059 603 §aa
1081 547 1114 610 p,
1134 532 1187 591 447

148 641 225 703 edit.
246 636 340 722 Lips.
362 648 394 699 et
413 635 547 721 passim.

650 793 681 852 2.

208 902 272 961 Ἴων
289 902 320 960 ἐν
336 897 465 974 Ὀμφάλῃ
484 898 639 971 ἐμφανίσας
662 896 753 956 united
770 902 834 970 (aeti
851 898 1036 974 Ἡρακλέους)
1053 905 1107 979 τὴν
1122 906 1182 981 aior,

145 1009 251 1078 φαμίαν
267 1003 413 1077 ἐπιφέρει·

350 1127 384 1191 '0¹'
399 1160 434 1174 ..
459 1158 476 1189 o
497 1125 578 1188 ..ἶ
593 1119 651 1177 riuti
670 1119 703 1177 di
719 1124 768 1193 τῆς
786 1118 924 1195 ειίφημίας

348 1224 479 1283 κατέπινε
496 1226 545 1282 καὶ
565 1223 601 1282 τοὶ
618 1230 692 1282 κοῖλα
708 1227 757 1282 καί
773 1228 840 1295 τούς
857 1228 1015 1301 ἄνθρακας.

866 1348 968 1403 αιτιοι.
988 1352 1025 1417 x,
1043 1354 1106 1417 nr,
1123 1354 1148 1407 a.

221 1444 372 1512 Euatath.
393 1468 425 1531 p.
447 1448 528 1526 870,
551 1451 601 1513 12.
623 1448 669 1531 τῷ
689 1444 855 1533 παμφαίμῳ
873 1446 1039 1536 Ἡρακλεῖ,
1066 1451 1106 1531 ὅς
1128 1452 1178 1551 apl

139 1564 179 1628 τᾶ
199 1565 284 1629 κᾶλα
311 1561 366 1629 καὶ
392 1557 470 1639 τούς
497 1558 667 1649 ἄνθρακας
691 1561 855 1647 κατέπινε,
883 1566 973 1635 καθά
1000 1593 1050 1648 τις
1076 1570 1176 1655 ἕτερος

137 1678 287 1757 ἔσκωψεν.
308 1715 352 1729 -
372 1682 475 1745 ναίον
497 1691 547 1743 est
567 1677 666 1759 ξύλον
687 1683 864 1746 secundum
886 1684 1031 1750 Suidarn.
1057 1686 1173 1754 Nescia

137 1811 243 1861 tamen
273 1819 314 1861 an
343 1819 455 1883 parum
490 1800 632 1882 cogitate
665 1800 787 1882 rejecta
817 1802 860 1865 sit
887 1799 993 1866 altera
1018 1802 1172 1869 librorum

136 1913 234 1978 lectio
256 1917 363 2007 κῶλα,
385 1916 417 1977 id
440 1927 490 1978 est
511 1910 600 1980 durni.
623 1915 664 1982 ci.
687 1914 804 1980 Suidas
825 1939 856 1982 v.
900 1915 983 1994 Quis
1004 1925 1092 1986 euim
1114 1922 1172 2009 lig·

135 2033 183 2093 nis
212 2029 264 2093 hie
292 2027 402 2112 locus,
431 2029 488 2094 uhi
514 2030 553 2093 de
576 2051 672 2095 carne
695 2052 791 2115 supra
814 2033 972 2099 carbones
993 2052 1105 2102 assata
1126 2050 1171 2102 est

132 2146 260 2211 ser-moi
302 2145 359 2211 sic
387 2148 486 2211 etiam
508 2148 543 2211 in
571 2145 755 2231 fragmento
780 2148 929 2235 Pindari,
960 2160 1022 2219 150
1050 2180 1082 2242 p.
1111 2162 1169 2223 639

131 2265 207 2329 edit.
238 2260 402 2343 Boaekh.,
434 2284 530 2348 quem
556 2262 597 2328 nb
622 2263 701 2329 lone
730 2287 803 2331 esse
834 2289 1027 2355 expressum
1060 2273 1169 2366 serihit

130 2379 317 2445 Athenaeus
338 2379 362 2445 l.
385 2402 413 2445 ο.
440 2377 629 2466 »ἀνθρααιοί
651 2395 684 2446 et
706 2379 826 2448 ὀστειόν
854 2385 1030 2471 στεναγμὸς
1056 2388 1165 2475 βαρύς,

129 2520 191 2562 nou
213 2519 291 2562 vero
319 2497 410 2584 ligna
431 2511 730 2566 commemorantur.
771 2500 921 2566 Forsitan
951 2515 1058 2571 tamen
1087 2508 1166 2574 haee

127 2615 190 2682 sihi
216 2617 365 2702 augenda
386 2617 549 2701 putaverit
578 2629 697 2680 noster.
725 2618 907 2684 κατεσθίειν
931 2620 988 2685 ααὶ
1014 2620 1093 2700 τούς
1113 2622 1165 2691 ἅν-

125 2741 251 2820 θοααας
277 2734 366 2799 dixit
394 2734 492 2797 etiam
518 2731 674 2817 Euphron
700 2734 784 2818 apud
807 2731 927 2798 Athen.
950 2734 1019 2818 lX,
1042 2744 1116 2824 377,
1138 2763 1165 2809 e.

122 2852 307 2919 καταπίνειν
328 2873 425 2917 sensu
446 2850 578 2936 proprio
600 2844 766 2913 Plutarch.
787 2851 845 2917 vit.
865 2848 959 2917 Bruti
979 2856 1020 2918 53
1042 2877 1161 2942 cap.-

121 2966 185 3030 Pro
214 2962 376 3049 εὐφημίας
401 2965 573 3051 Bentlejns
600 2989 631 3053 p.
653 2971 704 3031 56.
726 2968 835 3052 posuit
861 2971 1039 3054 βουλιμίας.
1072 2971 1160 3039 Tou·

119 3086 192 3169 pius
215 3103 326 3170 opusc.
347 3082 399 3163 ll,
424 3089 464 3148 88
487 3082 655 3167 vulgatum
678 3083 840 3163 defendit,
868 3082 1018 3170 plausum
1038 3092 1069 3154 is
1090 3095 1159 3177 qui·

116 3204 188 3267 dem
211 3214 244 3267 et
264 3201 411 3265 favorem
426 3196 608 3283 Omphalae
628 3197 826 3285 intelligens,
849 3204 943 3285 enjus
965 3208 1103 3288 gratiam
1125 3223 1159 3273 ut

115 3322 230 3402 iniret,
262 3314 423 3384 Heraclea
454 3317 683 3401 patrimonium
712 3339 807 3382 suum
835 3317 1051 3405 abligurierit.
1092 3325 1155 3390 Hie

114 3449 221 3500 tamen
242 3432 375 3503 fabulae
395 3452 510 3520 parum
530 3433 660 3498 videtur
673 3436 871 3517 meminisse,
893 3458 966 3501 eum
980 3436 1062 3505 haee
1079 3444 1155 3507 scri·

115 3549 231 3634 behet,
259 3554 295 3616 in
321 3573 386 3637 qua
405 3547 490 3616 nihil
510 3549 550 3614 de
571 3547 796 3637 abliguriendi)
816 3555 1013 3637 patrimonio
1034 3552 1154 3622 leetum

112 3670 182 3735 luit.
222 3666 325 3733 Reate
345 3669 446 3751 igitur
467 3665 798 3755 Schweighaeuserus
820 3668 1027 3756 applausum,
1050 3686 1085 3738 et
1102 3674 1153 3741 sa.

111 3805 221 3850 rorem
267 3784 543 3848 eiraumstantium
580 3783 651 3849 vult
684 3780 827 3872 intelligi
868 3808 932 3873 quo
972 3787 1152 3858 delectatus

112 3901 272 3970 liereules
293 3922 330 3967 se
350 3901 422 3987 ipse
443 3920 597 3986 suparare
618 3899 771 3967 studeret.
793 3901 833 3966 de
852 3924 932 3970 νοτε
947 3902 1152 3993 εὐφημίαοί.
