2430 4290
85 375 144 441 illo
164 378 322 462 τριαγμοῦ
348 375 458 456 „nbi,
480 376 602 460 iuquit,
624 372 754 461 cingulo
773 377 907 462 quidam-
922 375 1020 444 varha
1040 391 1115 445 mot

84 496 282 559 commonia:
313 495 369 580 qui
397 505 503 556 tamon
525 512 567 555 cx
588 493 660 578 ipso
682 490 866 557 charactere
887 507 922 559 ot
940 495 1048 561 forma·
1063 497 1113 560 cli·

55 611 175 675 ''candi
196 631 259 673 non
289 611 387 672 cenot
412 610 604 688 ionismnm,
634 606 716 673 nihil
745 610 880 676 nautit.“
922 608 1111 699 Quicunque

78 727 195 791 literas
217 726 358 789 Graecas
379 745 443 789 non
464 724 560 789 modo
581 744 601 787 a
626 720 737 787 limina
765 722 936 806 salutavit,
965 725 1110 794 animad-
1153 718 1156 727 ’

74 845 218 906 uertisse
246 852 389 927 oportet,
419 841 452 903 id
479 839 563 926 qood
575 868 577 873 ·
591 861 689 925 supra
708 837 840 906 uberior
858 841 1126 929 explicavimus,-

80 960 223 1045 gantium
245 957 376 1022 illarum
395 957 612 1021 differentiam
633 978 705 1020 cnm
725 957 759 1020 in
786 954 920 1044 reliquia
945 971 1014 1024 tum
1040 978 1108 1024 ma·

80 1077 170 1139 xime
192 1077 225 1137 in
246 1071 453 1158 philosophia
475 1069 629 1152 raluioac,
650 1072 696 1134 ita
711 1072 905 1159 utsingnlao
919 1073 1108 1161 disciplinae

80 1193 223 1275 gentium
244 1190 336 1277 quari
355 1185 497 1252 colorem
517 1188 687 1254 traxerint.
728 1186 882 1276 Reliquas
901 1193 1027 1272 omitto,
1044 1190 1107 1276 Py·

78 1305 277 1390 thagoricum
297 1326 375 1371 vcro
389 1301 593 1389 disciplinam
608 1303 847 1393 doctrinamque
862 1328 938 1372 vcra
952 1306 1106 1372 Doricam

78 1421 192 1503 fuisso,
212 1443 277 1485 non
296 1433 347 1487 ast
367 1421 451 1507 quod
473 1419 620 1506 pluribus
641 1419 815 1506 explicam.
858 1421 967 1497 Quare
989 1426 1023 1487 in
1045 1442 1104 1488 ox·

77 1539 227 1623 ponendo
259 1549 431 1622 systemate
460 1536 544 1623 quod
572 1549 689 1602 vocant
709 1536 942 1622 Pythagorico,
971 1551 1104 1623 utraque

80 1653 220 1720 dialecto
242 1667 275 1718 ct
293 1651 415 1717 Dorica
434 1666 467 1717 et
486 1651 597 1718 Ionica
616 1650 759 1719 scribom
779 1652 883 1719 noluit
903 1651 956 1718 vol
970 1670 1103 1736 nonpo-

77 1774 156 1850 tuit,
190 1769 294 1834 altera
321 1775 407 1835 enim
435 1772 605 1857 quominus
632 1782 777 1834 uteretur
804 1771 949 1836 doctrina
967 1766 1100 1849 Dorica,

79 1885 200 1968 altera,
229 1888 336 1972 gentis
366 1888 458 1969 origo
480 1896 512 1948 ct
531 1883 798 1973 philosophorum
816 1907 895 1950 naua
915 1884 1100 1970 impedivit3

77 2003 206 2087 scripsit
221 2003 319 2086 igitur
333 2003 491 2064 communi
505 2005 575 2066 aive
589 2001 708 2080 Attica,
728 2003 915 2087 praorcrtim
926 2021 996 2065 cum
1013 2000 1100 2084 prin-

79 2121 168 2203 cipes
188 2120 303 2183 notatis
321 2115 412 2181 illios
432 2116 619 2204 philosophi
638 2118 741 2182 Attici
768 2129 893 2193 caseon
921 2120 963 2181 iu'
975 2134 1101 2181 aunon·

79 2236 128 2300 iis
149 2250 254 2301 tamen
277 2232 383 2300 verbis
403 2237 573 2299 iouiamum
595 2254 717 2299 oxucro
738 2252 800 2297 noo
821 2236 936 2319 potuit.
957 2268 999 2282 -
