2430 4290
87 136 139 211 39

89 336 153 403 qao
181 316 214 379 in
241 309 403 399 prioribus
430 298 531 376 veria
557 307 692 373 fiebant.
713 344 753 359 -
782 306 835 373 Ab
858 304 1035 371 Athenaeo
1063 304 1126 371 1.ι.

88 435 200 499 variae
221 431 504 516 grammaticorum
524 440 730 490 recensemur
750 428 933 489 sententiae
955 426 999 488 de
1018 426 1128 488 iuatm·

88 564 198 617 mento
219 545 299 628 illo,
329 546 413 633 quod
434 544 573 630 μάγαδις
594 557 746 624 vocatur,
774 542 923 629 quodque
944 538 1127 626 plerumque

88 666 233 753 ὄργανον
257 658 417 743 ψαλτικόν
444 661 593 727 habetur.
641 660 737 725 Hane
759 661 801 724 nb
823 657 1059 725 difficultatem
1085 658 1126 722 lu·

86 787 154 849 iare
182 785 239 870 qni
265 794 340 868 post
367 776 469 856 αὐλάς
493 778 655 845 voluerint
681 781 825 844 inserere
850 773 875 843 δ
899 799 945 841 ex
967 775 1127 841 Athenaeo

88 903 247 967 videmus.
269 899 333 964 Sed
355 910 444 961 reeta
465 917 563 961 voces
583 895 660 960 illas
682 900 872 981 conjunctae
893 891 1061 980 explicari
1078 910 1128 977 per

90 1014 191 1095 αδλδς
222 1012 466 1100 κιθαριστήριος
501 1015 572 1078 aive
610 1011 710 1091 αὐλὸς
738 1012 891 1081 σανάδων
921 1014 965 1098 τῇ
1001 1006 1129 1096 μαγάδα

90 1132 189 1200 laeila
209 1130 417 1216 intelligitur.
459 1129 513 1195 De
534 1133 672 1216 magade
694 1145 823 1218 praeter
844 1130 1055 1197 Athenaeum
1074 1123 1127 1205 lv,

89 1258 165 1332 182,
187 1271 218 1330 e,
241 1259 273 1311 et
293 1247 498 1312 Eustathinm
521 1253 615 1328 1157,
639 1255 677 1313 12
701 1250 818 1336 dignus
839 1261 889 1313 est
910 1249 967 1334 qui
989 1246 1129 1312 confera-

89 1379 142 1431 tur
162 1362 349 1431 Boeelrhiue
370 1366 410 1429 de
432 1378 527 1429 metr.
548 1364 680 1430 Pindari
701 1367 768 1450 Ill,
791 1390 818 1431 e.
841 1374 893 1449 11,
915 1390 948 1451 p.
971 1370 1059 1445 261„
1079 1362 1128 1448 qui

77 1484 129 1549 'de
151 1482 214 1549 hoe
234 1483 404 1569 disputans
423 1485 637 1549 instrumento
659 1504 699 1547 ne
721 1499 866 1549 nostrum
882 1482 1015 1570 quidem
1027 1480 1128 1545 laeum

87 1603 316 1687 praetermisit.

595 1737 626 1796 7.

297 1843 358 1904 ἄλλ’
376 1844 421 1903 εἷα
437 1847 532 1904 Λνδαὶ
549 1844 688 1919 ψάλτριαι
708 1850 890 1903 παλαιθετοῖν

297 1943 391 2018 ὕμνων
408 1944 508 2006 αόιδοὶ
524 1945 575 2005 τὸν
594 1947 675 2018 ξένον
690 1948 856 2019 κοιμήσατε.

171 2082 293 2147 Iterum
313 2080 415 2148 verba
436 2080 619 2167 Omphalae
641 2094 754 2149 cantus
776 2087 810 2147 in
831 2083 988 2147 honorem
1009 2081 1129 2147 Heren-

88 2196 132 2263 lia
148 2201 218 2282 jam
241 2200 429 2285 flagitantis.
450 2198 531 2265 Vox
551 2200 747 2278 παλαοδετός
768 2200 955 2267 confirmari
974 2220 1041 2263 uno
1064 2214 1129 2264 tan·

89 2329 157 2381 tum
178 2330 285 2403 potest
306 2315 461 2403 exemplo
483 2338 529 2383 ex
549 2317 651 2382 Suida
671 2322 787 2405 petito,
807 2343 839 2385 v.
861 2322 953 2387 κᾶλα.
971 2319 1057 2382 κάλα
1076 2336 1127 2382 ιτα-

88 2435 233 2516 λαίθετα,
255 2432 336 2520 ξηρά
356 2432 451 2517 ξύλα,
473 2434 509 2503 ἐκ
529 2437 654 2505 πολλοῦ
676 2432 876 2503 ἀποτεθέντα
896 2432 1034 2521 χρόνους
1067 2437 1127 2498 nisi

89 2553 174 2639 quod
194 2567 362 2638 peceatum
382 2555 487 2616 estin
509 2568 687 2620 accentum.
731 2552 814 2617 Sunt
834 2555 934 2637 igitur
954 2550 1055 2638 ὕμνοι
1073 2574 1127 2619 πα·

89 2670 234 2736 λαιδετοὶ
261 2665 362 2737 πάλαι
389 2668 628 2756 νενομισμένοι,
657 2672 711 2757 qui
742 2672 920 2756 antiquitus
949 2674 1023 2736 cani
1045 2671 1128 2756 apud

88 2786 199 2871 Lydus
220 2784 310 2853 soliti
331 2787 469 2853 fuerant.
499 2787 683 2872 Schweiglu
703 2789 787 2874 quod
808 2786 914 2853 voluit
932 2786 1031 2875 άοιδῇ
1052 2790 1129 2853 scri·

87 2900 184 2985 bere,
213 2907 334 2969 nemini
354 2902 452 2971 facile
472 2903 680 2992 persuadebit
702 2924 776 2969 esse
802 2907 929 2990 ruptim,
958 2902 1069 2972 άοιδοί
1088 2907 1126 2970 de

89 3017 223 3082 seminia
249 3019 336 3084 dixit
358 3021 539 3108 Sophoclea
561 3021 679 3108 Oedip.
708 3035 770 3105 tyr.
799 3044 831 3086 v.
860 3026 918 3097 353
951 3027 1028 3104 1253
1055 3030 1125 3090 399.

85 3134 223 3201 Hesiod.
246 3130 323 3219 ἔργα
343 3158 371 3201 κ.
392 3132 445 3220 ἡμ.
466 3137 495 3219 1,
515 3144 589 3203 206.
624 3136 748 3212 Quodsi
771 3160 865 3224 quem
886 3140 1032 3205 offendat
1052 3162 1125 3204 usna

86 3253 179 3318 verbi
199 3257 332 3339 κοσμεῖν
352 3257 494 3319 carentis
516 3256 624 3319 dativo
652 3259 720 3338 rei,
754 3255 808 3321 vel
830 3257 917 3343 apud
937 3255 1126 3343 Aristopha-

87 3390 161 3434 nem
176 3373 257 3435 satis
270 3369 453 3459 frequentia
468 3376 541 3457 ejus
555 3370 709 3460 exempla
723 3376 876 3460 reperiet,
891 3372 932 3442 cf.
943 3372 1027 3441 Rau.
1037 3378 1125 3441 1059.

85 3488 194 3573 Equit.
215 3492 287 3552 565.

596 3630 627 3691 8.

294 3754 374 3816 ἶ-Ᾱ-
387 3790 404 3821 0
418 3760 497 3823 -ἶ
516 3754 663 3828 βακκάρεις
681 3754 712 3812 δὲ
731 3756 780 3812 καὶ
795 3755 873 3827 μάρα

296 3854 345 3910 καὶ
361 3856 528 3926 Σαρδιανὸν
544 3858 648 3929 κόσμον
666 3857 771 3913 εἰδέναι
788 3854 873 3927 χροὸς

289 3951 446 4030 άμεινονῆ
463 3956 515 4017 τὸν
532 3959 665 4025 Πέλοπος
682 3956 711 4015 ἓν
729 3956 805 4028 νήοῳ
822 3954 940 4023 τρόπον.
