2430 4290
1055 108 1107 203 ,ὃ

61 303 137 386 jam
163 298 364 386 cogitabam,
393 300 467 384 qaia
496 302 660 386 utriusque
688 313 754 366 tam
776 276 947 367 Phoenicis
969 315 1037 370 tum
1056 309 1105 370 in·

65 421 181 504 primis
204 418 324 484 Caenei
353 414 497 482 fabulam
526 439 547 481 a
575 419 742 503 tragoedia
769 418 1002 487 alienissimam
1030 442 1104 488 ιιιι

64 534 232 623 putabam,
255 537 373 622 quippe
394 553 467 598 cnm
488 530 636 596 Caeneus
657 535 822 603 comoedia
842 533 991 602 laudetur
1007 536 1103 605 Anti·

65 653 204 739 phanis,
234 652 275 716 cf.
296 650 415 717 Athen.
436 646 472 716 X
479 627 494 729 ,Δ
510 655 590 730 433,
613 670 650 730 c,
672 661 705 714 et
724 649 891 734 Αιιιιοιίι,
919 653 961 719 cl.
981 652 1105 722 Pollux

66 768 152 851 Vll,
181 775 240 844 653
266 767 414 833 Phoenix
438 785 517 831 vero
544 776 673 851 praeter
700 767 900 853 tragoediam
919 769 1103 858 Sophoclis,

67 886 236 950 comoedia
255 882 375 949 Eubuli
405 893 439 947 et
457 882 639 966 Stratonis,
667 881 709 949 cf.
730 880 848 950 Athen.
868 882 939 968 lx,
967 890 1043 970 397,
1071 909 1102 954 a.

67 1002 214 1068 Endocia
240 1025 274 1088 p.
301 1003 374 1066 385.
415 998 481 1063 Sed
515 1000 725 1065 consideratis
760 999 866 1066 denno
899 1001 1102 1090 fragmentis,

67 1141 151 1207 qnae
172 1117 255 1183 nihil
281 1117 415 1202 satyrici
440 1117 563 1202 ingenii
588 1114 787 1202 prodebant,
815 1119 1001 1185 recordatus
1029 1140 1102 1186 ver·

65 1235 181 1300 horum
201 1233 304 1300 schol.
331 1233 373 1298 ΙΙ.
400 1257 429 1315 ι,
457 1240 541 1314 448,
569 1230 652 1298 hanc
678 1254 775 1299 unam
803 1232 903 1300 habui
930 1237 1102 1319 rationem,

66 1374 131 1439 qna
153 1349 324 1416 Phoenicis
348 1362 382 1413 et
402 1346 525 1414 Caenei
550 1347 662 1414 fabula
692 1354 846 1438 conjungi
872 1363 996 1438 posset.
1035 1353 1101 1420 Sed

21 1474 23 1480 ’
64 1489 107 1532 ne
129 1487 215 1531 nunc
236 1467 385 1553 qnidam,
407 1468 545 1551 ingenue
567 1469 654 1532 enim
675 1467 798 1549 fateor,
820 1466 1008 1535 caldaeam
1030 1483 1101 1534 tue-

63 1607 131 1665 rer,
152 1583 250 1648 modo
272 1587 344 1671 qnia
363 1606 423 1669 pro
439 1579 582 1659 Koreestis·
602 1595 713 1669 aptum
733 1581 864 1670 aliquod
884 1589 1008 1651 numeri
1027 1586 1101 1673 pln-

64 1698 148 1765 ralis
169 1695 406 1765 substantivam
430 1700 659 1785 suppeditaret.
698 1698 782 1764 Levi
801 1718 880 1764 eane
901 1705 1100 1770 correctione

63 1839 127 1905 pro
150 1813 290 1894 Καινεὺς
308 1829 416 1903 potest
434 1815 502 1903 legi
524 1815 658 1898 Καινοῖ,
679 1815 765 1902 quod
784 1827 835 1880 est
854 1837 971 1883 nomen
991 1822 1099 1906 gentis

64 1934 231 2001 Thraciae
259 1934 432 2000 secundnm
458 1934 673 2019 fragmentum
699 1931 911 2019 Apollodori,
940 1935 997 2000 sed
1024 1937 1101 2023 qnid

63 2053 143 2117 inde
164 2051 335 2134 lucremur,
355 2071 420 2115 non
440 2050 547 2114 video.
589 2049 687 2114 Ratio
707 2071 767 2134 ea,
789 2071 886 2137 qnam
906 2053 999 2135 dixi,
1020 2051 1101 2120 haec

65 2181 128 2237 est.
170 2168 317 2233 Caeneus
344 2165 433 2232 Elati
459 2165 550 2232 filius
578 2189 640 2231 rex
664 2167 728 2231 fuit
754 2165 984 2254 Lapitharum,
1019 2190 1101 2256 quae

64 2306 149 2370 gens
170 2275 365 2350 Thessaliae
385 2283 426 2347 ad
443 2280 617 2369 Olympum
635 2275 777 2348 montem
796 2280 976 2350 habitabat.
1006 2284 1104 2375 Licet

65 2413 159 2464 aetas
182 2403 252 2484 ejus
274 2420 340 2463 non
361 2413 518 2486 congruat
539 2421 611 2464 cum
631 2410 739 2464 aetate
758 2397 946 2483 Phoenicis,
977 2391 1106 2466 viderat

65 2519 156 2580 enim
176 2513 339 2580 Caeneum
363 2538 436 2582 cum
456 2516 654 2603 Polyphemo
674 2519 759 2581 inter
787 2516 962 2601 superioris
983 2519 1103 2585 aetatis

65 2631 186 2698 heroes
207 2629 328 2697 Nestor
343 2632 487 2717 juvenis,
507 2632 549 2696 cf.
570 2629 610 2696 11.
631 2655 663 2712 ot,
684 2638 766 2716 264,
787 2643 820 2697 et
840 2630 942 2699 schol.
964 2632 1007 2697 ad
1028 2653 1107 2722 euna

65 2746 195 2826 locnm3
221 2747 302 2814 haec
328 2750 467 2815 fortasse
495 2748 679 2813 differentia
704 2751 829 2834 tragico
855 2758 973 2832 poetae
997 2745 1103 2815 levior

69 2878 121 2930 est
142 2867 223 2943 visa,
244 2863 388 2931 fabulam
408 2863 579 2931 Phoenicis
599 2861 640 2929 ab
662 2861 750 2943 aliis,
774 2858 936 2947 Sophocle
958 2874 991 2927 et
1009 2853 1106 2930 Euri·v

67 2983 146 3068 pide
175 2993 343 3047 tractatam
370 3003 490 3047 novare
521 2980 674 3047 studenti.
714 2976 886 3047 Phoenicia
911 2979 1056 3048 fabulam
1083 3004 1105 3048 a

68 3100 219 3183 tragicis,
241 3109 277 3160 ut
296 3098 392 3162 modo
413 3098 497 3178 dixi,
518 3107 673 3161 mutatam
691 3115 764 3161 esse
784 3100 909 3164 varium
923 3099 959 3163 iu
973 3100 1104 3165 modurn

69 3225 104 3279 et
124 3235 170 3277 ex
190 3210 293 3280 schol.
315 3212 355 3282 ll.
371 3202 396 3295 o,
417 3217 478 3279 448
502 3224 535 3277 et
553 3235 598 3279 ex
613 3211 817 3301 Apollodoro
837 3213 898 3297 ΠΙ,
921 3218 973 3294 13,
992 3217 1026 3296 8,
1046 3213 1105 3276 do·

69 3353 191 3400 cemur.
231 3329 297 3395 Hic
317 3333 403 3396 enim
422 3330 618 3397 Phoenicem
639 3328 754 3397 scribit
780 3352 802 3396 a
828 3340 921 3415 patre
947 3351 1106 3397 excaeca·

69 3463 140 3512 tum
161 3447 202 3512 ad
222 3445 355 3512 Peleum
376 3446 561 3533 confugisse
583 3460 615 3512 et
635 3447 813 3513 aChirone
834 3460 981 3514 sanatum
997 3470 1107 3536 regern

72 3586 146 3629 esse
172 3564 294 3630 lactum
314 3561 490 3648 Dolopum.
529 3562 678 3648 Dolopes
704 3581 783 3629 vero
810 3583 881 3628 cum
902 3567 936 3629 in
958 3564 1107 3631 confiniis

73 3679 269 3746 Thessaliae
304 3679 500 3762 habitarent,
538 3679 579 3744 ci.
614 3678 730 3766 Heyne
764 3680 806 3746 ad
836 3679 990 3767 Apollod.
1026 3677 1109 3757 bibl,

70 3795 130 3863 lib.
152 3795 214 3877 ΙΙΙ,
235 3803 292 3878 13,
313 3804 345 3879 8,
366 3811 400 3863 et
419 3819 493 3864 cum
512 3796 671 3882 Lapithae
692 3817 764 3862 oum
784 3796 934 3864 finitimis
956 3795 1114 3882 gentibue

76 3914 206 3997 saepius
226 3912 267 3977 de
285 3910 409 3982 linibus
429 3908 575 3987 cerussa
593 3916 786 4006 tradantur,
805 3918 854 3988 el.
878 3901 1151 4000 apollonarist-
