2430 4290
93 115 152 217 ν

104 288 251 374 δεύτερος
271 277 439 369 laudatur,
470 306 602 373 quarum
623 286 865 370 inscriptionum
885 283 996 351 altera
1017 290 1138 372 quiden

105 407 277 472 admodum
298 418 348 469 est
368 402 581 484 insollemnis,
604 405 677 488 quia
695 423 863 491 nusquam,
885 403 973 490 quod
989 407 1139 468 memine-

105 527 184 602 rim,
212 535 308 608 poeta
329 522 464 586 duorum
485 518 618 584 heroum
639 520 765 583 nornine
786 520 954 604 inscripsit
975 517 1138 596 fabularn3

105 639 207 705 altera
235 660 311 702 vero
343 640 479 705 Φοίνικα
506 636 668 717 fabulam,
703 657 775 700 cum
806 657 920 722 parurn
948 628 1139 722 placuisset,

104 758 209 822 denuo
230 767 433 820 retractatam
454 775 525 819 csse
540 755 657 838 arguit.
685 750 841 816 Oboritur
861 751 924 817 hoc
946 752 1026 820 loco
1049 779 1138 842 quae·

105 878 168 938 etio
197 895 274 937 sanc
302 871 514 952 difficillima,
548 871 588 933 dc
617 867 748 961 fabulae
776 869 901 935 scilicet
927 887 1137 956 argumeut03

104 991 179 1078 quid
201 994 285 1054 enirn
304 991 456 1055 Phoenici
477 1007 549 1052 cum
567 985 715 1050 Caeneol
739 1010 873 1074 quorum
895 1009 935 1051 nc
957 1002 1054 1054 aetas
1074 992 1137 1076 qui·

103 1109 176 1171 dem
198 1108 354 1193 congruit.
367 1125 369 1128 ·
383 1103 456 1167 Iam
476 1124 608 1188 prorsus
630 1104 861 1188 desperandum
883 1103 963 1168 mihi
985 1128 1062 1171 esse
1081 1129 1135 1192 pu·

102 1217 210 1288 tabam
231 1224 271 1287 de
293 1218 448 1287 solvenda
469 1218 530 1285 hac
553 1218 764 1304 difficultate,
786 1220 867 1286 nihil
888 1223 973 1285 enim
995 1225 1133 1308 reperie-

100 1337 176 1403 bam
198 1339 236 1401 dc
258 1336 407 1417 Caeneo,
440 1338 524 1421 quod
553 1339 593 1401 ad
614 1338 808 1402 Phoenicem
828 1348 941 1423 posset
960 1343 1131 1423 pertinere.

99 1457 150 1522 Ita
172 1457 256 1519 enim
278 1454 317 1517 dc
339 1455 410 1537 ipso
433 1452 545 1516 scribit
567 1450 669 1516 schol.
691 1452 803 1538 Apoll.
824 1453 1006 1538 Argonaut.
1028 1456 1063 1538 1,
1084 1461 1130 1522 59.
1159 1507 1164 1524 .

99 1573 321 1658 μυθολογοῦσι
341 1567 375 1636 δέ
402 1564 461 1635 τόν
481 1566 601 1636 Καινέα
628 1566 787 1656 πρότερον
813 1565 970 1653 γεγονότα
996 1577 1129 1653 γοναῖνα

97 1691 337 1776 μεταβληθῆναι
347 1684 485 1770 ὕστερον
501 1688 546 1762 εἰς
560 1681 664 1768 ἄνδρα
672 1686 875 1760 Ποσειδῶνος
896 1682 980 1772 αὐτῇ
1001 1684 1127 1771 πλησιό-

98 1821 220 1882 σαντος.
241 1808 337 1870 τοῦτο
351 1800 414 1889 γὰρ
429 1801 525 1891 ᾔτησε
539 1801 594 1869 καὶ
609 1785 779 1884 ἀπρασίαν.
800 1798 889 1886 ἤρισε
906 1799 941 1866 δὲ
955 1802 1012 1868 καὶ
1023 1801 1126 1870 Ἀπόλ-

95 1927 175 1990 tore
189 1920 243 1987 ναὶ
256 1918 398 2005 ἐνικήθη.
420 1919 540 1987 ἐκέλευε
556 1919 590 1986 δέ
606 1915 683 1995 τούς
694 1914 748 1984 ὑπ’
757 1916 859 1984 αὐτὸν
875 1913 1019 2002 ὀμνύναι
1034 1920 1080 1998 εἰς
1093 1917 1123 1986 τό

97 2035 179 2120 δόρυ
203 2034 320 2114 αὐτοῦ,
344 2033 424 2102 ὅθεν
445 2031 465 2120 ἡ
486 2038 656 2121 παροιμία·
677 2034 822 2112 Καινέως
842 2031 932 2119 δόρυ.
948 2039 983 2100 ἀ.
995 2059 1023 2101 τ.
1040 2037 1067 2102 i„
1089 2036 1124 2101 cs.

98 2151 207 2218 Schol.
230 2154 270 2216 ad
292 2148 384 2214 Iliad.
404 2175 435 2230 α,
456 2157 518 2216 264
540 2153 616 2217 edit.
635 2153 742 2219 Bekk.
761 2149 900 2229 Καινεὺς
916 2147 1055 2218 Ἐλατοῦ
1073 2151 1124 2237 μέν

97 2262 181 2347 παῖς,
196 2269 356 2332 Λαπιθῶν
377 2266 411 2334 δέ
433 2264 581 2351 βασιλεὺς
600 2256 759 2353 πρότερον
777 2259 819 2354 ἦν
838 2260 1002 2352 παρθένος
1023 2267 1124 2352 εὐπρε-

93 2382 171 2469 πής·
191 2380 335 2467 μιγέντος
356 2379 391 2447 δέ
412 2367 495 2468 αὐτῇ
511 2385 715 2461 Ποσειδῶνος
735 2380 926 2469 αἰτησαμένη
941 2388 1123 2470 μεταβαλεῖν

94 2502 139 2577 εἰς
155 2497 259 2582 ἄνδρα
273 2495 293 2584 ἡ
307 2497 414 2575 νεανὶς
427 2495 569 2582 όέτρωτος
582 2500 711 2584 γίνεται,
732 2497 955 2586 γενναιότατος
975 2504 1044 2568 τῶν
1055 2475 1121 2568 καθ’
1157 2514 1160 2519 ’

94 2613 197 2684 αὑτὸν
216 2612 367 2700 ὑπάρξας.
388 2616 443 2682 καί
461 2637 537 2683 ποτε
557 2614 658 2701 πήξας
673 2614 823 2683 ἀκόντιον
840 2615 875 2683 έν
889 2620 935 2702 τῷ
950 2615 1123 2702 μεσαιτάτῳ

92 2737 150 2820 τῆς
170 2732 294 2818 α’γορᾶς
314 2716 395 2798 θεὸν
413 2733 510 2799 τοῦτο
535 2731 726 2818 προσέταξεν
754 2732 914 2818 ἀριθμεῖν.
957 2730 1066 2808 Quam
1086 2731 1124 2818 ob

92 2849 276 2937 superbiam
311 2852 344 2916 ln
382 2848 469 2915 bello
504 2851 717 2938 Lapitharum
755 2850 910 2915 adversus
947 2849 1123 2931 Centauros

94 2981 205 3051 captur
228 2980 260 3030 ct
280 2965 414 3032 sudibus
436 2979 539 3033 terrae
557 2966 682 3033 infixus
697 2979 757 3033 cst.
780 2968 820 3030 cf.
843 2966 976 3033 Lucian.
998 2968 1040 3032 da
1061 2966 1121 3034 sal·

93 3091 151 3148 tat.
173 3087 191 3162 ς
214 3085 265 3162 57,
285 3104 317 3167 p.
339 3089 402 3147 299
423 3084 499 3151 odit.
520 3083 627 3164 Reiz„
656 3095 689 3146 et
709 3105 791 3170 quae
811 3082 941 3148 uberius
960 3106 1029 3149 rem
1052 3107 1120 3149 nar·

91 3200 163 3287 ra‘t,
185 3197 329 3264 Eudocia
350 3199 435 3282 apud
457 3197 590 3264 Villois.
612 3199 640 3280 l,
660 3223 693 3284 p.
715 3205 787 3267 349.
829 3200 1001 3265 Praeterea
1022 3213 1057 3266 et
1077 3201 1120 3265 al·

90 3315 192 3379 fuisse
223 3316 323 3380 fertur
351 3316 384 3380 iu
411 3317 581 3380 venatione
611 3319 681 3401 apri
710 3315 899 3400 calydonii,
931 3318 972 3383 cs.
1001 3316 1119 3405 Hygin.

90 3429 159 3495 fab.
183 3435 254 3499 173.
284 3430 380 3497 0vid.
401 3430 534 3500 Metam.
554 3431 655 3514 VIII,
684 3437 764 3508 3063
794 3435 891 3498 etiam
917 3435 1002 3497 inter
1028 3455 1117 3519 argo·

90 3559 206 3611 nautus
227 3561 422 3631 recensetur,
445 3551 485 3620 cl.
507 3546 608 3636 schol.
629 3545 780 3634 Apollon.
802 3547 825 3614 l.
843 3572 871 3613 c.
888 3585 929 3599 -
948 3549 1118 3614 Phoenicis

90 3654 328 3751 historiatsatis
350 3681 443 3744 nota,
465 3667 528 3730 nisi
549 3667 632 3750 quod
653 3687 673 3728 a
695 3667 827 3752 tragicis
849 3666 943 3732 vnlde
965 3669 1117 3731 variatam

87 3800 159 3860 eam
181 3800 252 3844 esso
273 3774 384 3844 scribit
405 3782 507 3848 schol.
523 3781 616 3846 Iliad.
639 3806 659 3862 ι,
680 3789 751 3848 448.
773 3784 814 3847 cf.
837 3781 973 3849 Valcen.
990 3780 1115 3848 diatrib.

85 3894 229 3990 Euripid.
251 3905 396 3995 copem„
416 3921 447 3988 p.
468 3905 542 4002 262.¹
570 3898 726 4001 Equidem
748 3900 788 3997 dc
809 3901 953 3968 dramate
975 3905 1116 3985 satyrico
