2430 4290
91 115 142 196 69

87 288 270 380 spectaculo
290 309 366 353 non
392 290 546 352 minorem
574 287 692 352 dabant
719 308 871 372 operam,
900 310 1001 373 qnam
1029 289 1114 354 hodio

88 408 129 475 ab
150 405 266 494 Anglis
293 405 365 471 fieri
391 407 545 470 videmus.
587 401 761 467 Sollemnis
783 425 957 489 puerorum
982 420 1054 469 erat
1073 405 1114 470 lu·

88 527 148 592 dus
174 523 212 592 τό
240 522 485 607 ὀρτυγοκοπεῖν,
518 522 603 606 quod
632 519 726 607 quale
753 522 850 584 suerit
869 518 980 583 ¹docet
1003 521 1112 585 θαλίαι

88 665 116 708 s.
136 663 188 723 m,
210 641 288 704 item
308 634 429 705 Pollux
451 644 488 717 9,
515 643 553 718 7,
584 661 616 723 p.
638 643 727 704 1095.
747 636 913 730 Aristoph.
936 637 1005 701 Av.
1028 643 1112 703 1997.

88 757 201 825 Verba
221 754 414 822 scholiastae
433 755 474 819 ad
495 752 655 820 Alcibiad.
676 753 707 834 l,
729 759 758 832 §.
779 760 821 818 34
841 752 1040 818 haecsunt:
1065 743 1113 819 ού·

88 898 144 954 τος
168 872 206 960 (ὁ
228 872 385 952 Μειδίας)
412 869 463 936 ἐπὶ
486 867 592 956 κύκλῳ
618 867 695 954 τούς
721 867 857 954 ὄρτυγας
883 866 1047 951 παριστὰς
1067 867 1113 935 κόι

89 1015 177 1060 πτειν
197 986 316 1063 αύτούς
337 978 498 1070 ,ἀλλήλους
519 985 670 1052 ἐδίδασκε.
712 987 776 1050 Sed
796 970 860 1048 hou
872 989 977 1070 ¹pueri
1001 984 1111 1066 solnm,

90 1131 202 1174 verum
222 1108 318 1170 etiam
339 1101 441 1167 adulti
461 1101 534 1167 huic
554 1104 660 1167 studio
680 1100 889 1186 indulgebant
911 1121 977 1164 non
998 1103 1112 1166 untedio·

92 1226 197 1289 oriter.
240 1217 331 1283 Plato
351 1218 440 1305 legg.
461 1219 518 1284 lib.
540 1225 572 1300 7,
593 1242 624 1304 p.
645 1223 723 1300 789,
749 1217 781 1282 b.
800 1216 987 1302 teloneoru-
1002 1218 1044 1285 οά
1062 1215 1112 1304 μό

90 1361 151 1408 νον
176 1336 284 1410 παῖδες
309 1331 389 1399 ἀλλά
415 1333 470 1399 καί
494 1332 702 1418 πρεσβύτεροί
725 1355 807 1408 τινες
839 1331 990 1416 ὀρνίθων
1023 1334 1112 1420 θρὲμ·

77 1477 175 1542 ,ματα
194 1452 245 1519 ἐπὶ
263 1447 320 1527 τάς
339 1447 441 1536 μάχας
459 1449 517 1527 τάς
541 1447 624 1534 πρὸς
643 1446 762 1533 άλληλα
787 1448 961 1525 ἀσκοῦντες
988 1449 1031 1516 τά
1056 1474 1113 1517 τω

91 1575 173 1640 αὕτα
197 1571 263 1635 τάν
291 1567 426 1652 θηρίων.
446 1605 488 1619 -
515 1563 597 1653 πρός
612 1563 748 1640 ’τούτοις
776 1561 929 1648 λαβόντες
952 1564 1043 1644 τούς-
1060 1567 1113 1652 μὲν

91 1683 260 1762 ἐλάττονας
279 1683 326 1759 εἰς’
344 1682 401 1760 τάς
419 1683 525 1767 χεῖρας
539 1684 664 1767 μείζους
682 1677 778 1747 δ’ύπό
797 1678 856 1765 τὴν
871 1678 1019 1767 ἀγκάλην
1031 1680 1113 1759 ἐντός

75 1799 283 1886 Ιπορεύονται
312 1801 556 1884 περιπατοῦντες
590 1796 738 1873 σταδίους
776 1794 988 1880 παμπόλλους
1029 1797 1112 1865 ἕνεκα

90 1922 147 2003 τῆς
168 1916 288 1996 εὐεξίας
313 1917 369 1997 τῆς
395 1911 520 1979 τούτων
544 1915 610 1978 τῶν
635 1908 835 1996 θρεμμάτων.
876 1911 969 1976 llaec
999 1915 1040 1978 de
1065 1935 1114 1978 co·

91 2031 268 2101 turnicibus
287 2047 456 2115 puerorum
476 2027 530 2092 vel
550 2025 805 2108 adolescentum,
838 2026 1021 2093 celebriora
1040 2050 1112 2092 vero

92 2149 265 2213 certamina
292 2158 383 2208 eraut
409 2142 570 2227 gallorum
590 2140 861 2228 gallinaceorum,
883 2166 965 2228 quae
987 2144 1112 2230 publice

93 2264 260 2351 quotannis
275 2257 449 2323 edebantur
464 2259 597 2324 Athenis
613 2262 646 2323 in
659 2259 796 2323 theatro.
818 2260 872 2323 Sic
885 2263 972 2323 eninr
989 2259 1110 2351 Aeliae.

91 2402 160 2448 nar.
180 2377 255 2443 hist.
275 2375 318 2456 Il,
342 2381 395 2439 28:
416 2372 511 2440 Μετὰ
530 2373 590 2460 τὴν
609 2372 689 2441 κατά
708 2376 774 2439 τῶν
786 2378 920 2458 Περσων
938 2377 1047 2461 νίκην,
1067 2379 1109 2438 in·

93 2496 182 2580 quit,
205 2487 371 2573 Ἀθηναῖοι
397 2487 501 2574 νόμον
526 2489 645 2556 ἔθεντο·
664 2487 876 2575 ἀλεκτρυόνας
902 2488 1108 2575 ἀγωνίζεσθαι

93 2608 230 2694 δημοσία
257 2605 292 2672 ἐν
318 2609 363 2691 τῷ
389 2603 517 2690 θεάτρῳ
543 2608 618 2689 μιάς
642 2603 760 2691 ἡμέρας
785 2609 844 2673 τού
874 2605 965 2684 ίτους
993 2632 1023 2676 κ.
1042 2611 1107 2674 αλ

91 2725 213 2804 Eadem
239 2722 336 2786 tradit
361 2719 509 2785 Eustath.
530 2721 571 2784 ad
599 2719 638 2786 Il.
658 2744 691 2807 p.
712 2729 802 2805 740„
831 2725 908 2787 item
928 2723 1026 2790 Philo
1044 2722 1068 2792 l.
1086 2743 1110 2791 ο.

93 2845 147 2929 qui
167 2861 225 2927 pro
246 2836 483 2919 Themistocle,
514 2859 606 2923 quern
634 2838 750 2925 reliqui
773 2837 961 2925 perhibent,
993 2837 1109 2904 Miltia·

93 2957 166 3022 dem
185 2953 297 3017 laudat
324 2955 506 3018 certaminis
534 2955 674 3017 instituti
695 2967 867 3020 auctorem.
894 2954 937 3024 cf.
957 2953 1108 3020 Stobaeus

92 3093 125 3158 p.
146 3073 218 3135 367.
253 3067 417 3133 Lucienus
437 3070 476 3132 de
497 3073 672 3153 gymnasiis
693 3070 845 3135 Solonem
864 3071 911 3133 ita
932 3054 1109 3156 loquenten

91 3187 189 3254 lauit:
218 3183 323 3264 καίτοι
345 3183 378 3248 τί
404 3181 446 3248 ἀν
472 3183 647 3263 πάθοιςέί
666 3185 802 3253 θεάσαιο
821 3185 876 3252 καί
897 3181 1047 3269 ὀρτύγων
1063 3182 1109 3252 καί

94 3297 315 3387 ἀλεκτρυόνων
341 3295 466 3382 ἀγῶνας
492 3299 563 3385 παρ’
585 3299 661 3388 ἡμῖν
680 3301 734 3369 καί
755 3298 899 3386 σπουδὴν
919 3299 971 3366 ἐπί
992 3298 1109 3374 τούτοις

93 3416 134 3486 ού
154 3413 286 3502 μικράνς
315 3412 337 3502 ἢ
362 3413 480 3502 γελάσῃ
508 3416 674 3502 όηλόνοτι,
701 3418 756 3485 καί
780 3416 916 3502 μάλιστα
941 3415 984 3502 ἢν
1010 3413 1109 3502 μάθρς

94 3530 138 3612 τίς
164 3529 229 3600 ύπό
257 3529 348 3619 νόμῳ
376 3530 456 3600 αύτό
480 3535 622 3620 δρῶμεν,
648 3535 702 3602 καί
727 3531 933 3617 προτέτακται
952 3535 1033 3599 πᾶσι
1051 3534 1108 3604 τοῖς

89 3650 130 3717 ’ἐν
150 3647 257 3735 ἡλικίᾳ
280 3654 427 3735 παρεῖναι
445 3650 499 3717 καλ
519 3646 601 3734 όράν
620 3648 659 3716 τά
680 3649 776 3735 ὄρνεα
795 3646 1048 3716 διαπυκτεύοντα
1065 3643 1108 3732 μέ·

93 3792 145 3854 γρι
164 3768 219 3851 τῆς
240 3761 370 3849 ἐσχάτης
389 3763 637 3850 ἀπαγορεύσεως.
668 3767 759 3832 Haec
780 3767 822 3830 ad
841 3767 1018 3830 certamina
1037 3759 1108 3850 galli

87 3882 268 3971 gallinacei
289 3903 310 3948 a
329 3882 458 3948 lanistis
486 3883 577 3948 velut
602 3883 798 3969 gladiatores
825 3878 996 3946 alebantur
1025 3893 1108 3965 atqua
