2430 4290
104 155 155 235 ts

108 331 253 400 uClem.
272 327 370 395 Alex.
392 338 536 393 stromat.
563 325 638 392 libr.
666 326 701 408 l,
729 348 763 411 p.
791 333 869 407 333,
896 327 940 392 Α.
960 330 1014 394 od.
1037 329 1140 412 sylb,

109 462 141 515 et
166 471 187 514 a
212 447 313 513 Suida
341 457 375 509 et
403 445 557 509 Eudooia.
621 441 779 530 Diogenis
810 442 911 507 verba
941 444 1022 510 haec
1048 460 1139 510 sunt:

93 563 177 633 Ἴων
197 563 232 631 δὲ
252 558 271 627 ὁ
294 563 374 638 Χῖος
394 560 516 637 ἐντοῖς
540 566 708 654 τροαγμοῖς,
731 558 832 645 φησὶν
852 556 960 626 αὐτὸν
988 563 1055 645 (sc.
1082 559 1139 627 τὸν

109 676 325 764 Πυθαγόραν)
338 677 407 742 ἔνια
426 672 604 760 ποιήσαντα
626 673 808 760 ἀνενεγκεῖν
828 673 1012 760 εἰςὈρφέα
1036 677 1137 742 Clem.

107 798 208 866 Alex.
229 796 254 861 Ι.
274 793 299 862 l.
320 795 373 857 sic'
393 788 518 856 scribit:
537 787 614 857 Ἴων
634 790 669 856 δὲ
690 787 709 857 ὁ
730 796 810 869 Χῖος
831 791 867 857 ἐν
885 798 954 869 τοῖς
973 800 1139 879 τριαγμοῖς

62 973 66 979 .
109 913 273 1000 (scribitur
292 907 521 994 τρεγράμμοις)
549 907 604 973 καὶ
631 905 834 994 Πυθαγόραν
858 910 903 985 εἰς
918 906 1044 995 Ὀρφέα
1071 908 1139 977 ἆνε-

108 1037 230 1117 νεγκεῖν
248 1023 321 1094 τινα
348 1026 481 1107 ἱστορεῖ,
506 1018 671 1109 Ἐπνγένης
697 1026 732 1091 δὲ
760 1026 795 1092 ἐν
820 1032 889 1103 τοῖς
912 1027 985 1110 περὶ
1010 1030 1070 1112 τῆς
1096 1031 1139 1106 εἰς

103 1146 227 1233 Ὀρφέα
250 1137 407 1226 ποιήσεως
426 1139 594 1222 Κέραοαος
621 1138 703 1208 εἶναι
722 1141 804 1226 λέγει
823 1145 883 1208 τοῦ
904 1145 1137 1228 Πυθαγορείου

107 1261 167 1349 τὴν
192 1263 238 1338 εἰς
261 1259 366 1324 Αἴδου
395 1252 582 1340 κατάβασιν
604 1281 633 1323 α.
658 1281 685 1323 τ.
711 1262 739 1323 t.
783 1259 899 1322 Surdas
926 1280 958 1322 v.
984 1259 1136 1345 Ὀρφεύς,

109 1399 246 1468 quocum
278 1377 438 1439 consentit
464 1373 609 1438 Eudocia
643 1396 674 1438 v.
703 1370 817 1458 Ὀρφ.ε
848 1371 994 1459 Ὀρφεὺς
1022 1375 1138 1461 ἔγραψε

106 1488 291 1581 τροαομούς.
322 1493 396 1574 (sic.
416 1489 566 1570 Mediol,
589 1489 749 1554 Kiisterus
769 1487 942 1573 τριαγμούς
963 1504 998 1554 et
1017 1492 1138 1576 λέγεται

107 1613 230 1696 posuit)
250 1605 395 1690 λέγονται
415 1607 449 1672 δὲ
470 1601 552 1672 elom
560 1602 674 1681 Ἴωνος
693 1608 754 1670 τοῦ
772 1609 933 1690 τραγικοῦ.
963 1650 966 1654 <

190 1722 327 1790 Fallitur
347 1723 529 1787 Haerenius
551 1722 592 1812 ad
613 1719 705 1786 Stob.
727 1721 830 1807 eclog.
851 1724 945 1808 phys.
967 1724 994 1788 l.
1017 1747 1049 1810 p.
1064 1731 1135 1808 552,

109 1857 142 1909 et
171 1852 352 1908 commeott.
382 1839 421 1902 de
448 1837 543 1903 fontt.
572 1835 674 1921 eclog.
704 1836 795 1902 Stob.
816 1838 858 1902 ll.
886 1861 929 1931 p.
952 1847 1026 1922 169,
1053 1841 1135 1906 hunc

106 1959 225 2025 librom
245 1958 352 2022 diceus
370 1959 440 2038 jam
460 1977 480 2017 a
497 1952 696 2017 Callimacho
719 1956 893 2018 secuudum
906 1956 1136 2042 Harpocratio-

107 2097 180 2140 nem
194 2073 234 2138 ub
248 2073 328 2137 lone
344 2093 415 2134 esse
432 2071 668 2153 abjudicatum
692 2072 749 2152 „in
763 2092 837 2156 quo,
852 2075 969 2157 inquit,
983 2095 1048 2136 noo
1062 2095 1135 2158 pos·

107 2212 175 2256 som
192 2210 256 2254 nou
266 2185 468 2252 Callimacho
484 2172 673 2267 suffragari3
694 2188 899 2270 ipsumenim
912 2187 988 2252 libri
1010 2193 1134 2254 initium

106 2304 147 2371 ab
162 2306 417 2389 Harpocratioue
433 2313 595 2366 servatum
607 2301 842 2386 Pythagoreum
855 2317 1021 2370 auctorem
1035 2308 1133 2372 fuisse

105 2422 248 2508 prodit.“
270 2417 421 2499 Fallitur,
443 2421 583 2503 inquam,
598 2421 647 2482 vir
661 2417 714 2500 ola,
728 2419 791 2482 noo
808 2400 892 2483 euim
901 2419 1131 2487 Callimachum

33 2612 37 2623 ρ
104 2541 209 2625 ipsum
231 2546 266 2599 ut
286 2537 428 2620 spurium
449 2549 579 2598 notasse
599 2533 729 2615 librum,
752 2534 864 2599 scribit
884 2536 1130 2623 Harpocration,

103 2656 160 2721 ssd
181 2653 222 2718 ab
244 2651 320 2718 aliis
341 2652 445 2715 notari
466 2661 500 2712 et
519 2650 657 2734 Epigoni
679 2648 777 2715 tribui
799 2672 871 2714 eum
891 2655 1015 2719 referre
1035 2636 1131 2738 (ἄνευ

102 2770 251 2856 λέγεσθαί
277 2772 385 2854 φησι).
431 2765 504 2831 Ηοο
538 2787 616 2830 voro
648 2787 712 2830 non
741 2768 851 2832 dubito
881 2792 954 2834 oum
980 2770 1129 2855 Bentlejo

100 2899 242 2953 arratum
261 2898 384 2971 putare.
426 2883 587 2969 Epigenes
610 2884 694 2946 euim
715 2904 779 2948 nou
800 2883 906 2949 solum
927 2887 967 2949 de
988 2886 1130 2975 Orphica

101 3005 195 3091 poesi
215 3001 300 3087 (περὶ
318 3002 376 3086 τῆς
392 2996 541 3085 Ὀρφέως
559 2994 717 3082 ποιήσεως
736 3003 804 3093 sive
826 3003 899 3086 περὶ
917 3003 975 3086 τῆς
996 3005 1042 3085 εἰς
1060 3003 1129 3088 ¹09.

102 3118 167 3206 φέα
198 3114 376 3202 ποιήσεως)
410 3118 558 3200 scripsit,
591 3116 632 3179 ef.
660 3113 764 3181 Clam.
793 3115 893 3184 Alex.
919 3117 1074 3188 Stromat.
1100 3121 1126 3202 1,
1160 3149 1163 3158 Δ

100 3258 133 3322 p.
154 3242 228 3316 333,
249 3233 329 3300 Aet
349 3232 392 3297 Ι).
414 3230 457 3312 V,
477 3254 508 3317 p.
530 3236 603 3313 571,
623 3231 650 3296 B
673 3233 711 3297 ed
732 3233 823 3317 sylb,
844 3235 903 3300 sed
924 3237 1023 3302 etiam
1044 3259 1126 3301 com·

99 3353 274 3418 montarios
301 3351 335 3415 iu
363 3342 452 3441 loliis
477 3347 579 3413 libros
594 3353 809 3434 composuit,
845 3354 901 3436 qui
930 3350 1029 3434 hujus
1055 3375 1126 3418 oum

38 3503 40 3507 ν
97 3464 192 3531 libris
213 3487 285 3532 oum
305 3466 594 3546 circumferrentur,
616 3465 714 3530 facile
734 3469 840 3552 potuit
860 3466 953 3550 fieri,
980 3482 1017 3534 ut
1043 3495 1125 3555 τρια-

96 3581 173 3669 γμοὶ
201 3584 304 3646 utrius
326 3594 435 3648 esseut
455 3581 664 3652 dubitaretur.
707 3581 803 3657 Quod
822 3607 899 3650 voro
923 3587 1040 3653 Suidas
1063 3589 1124 3654 Or·

93 3699 178 3787 pheo
205 3697 270 3782 ipsi
297 3697 409 3763 tribuit
438 3696 514 3777 τούς
539 3695 712 3783 τριαγμούς
737 3688 861 3765 tantum
879 3691 975 3766 abest
994 3717 1032 3767 ut
1051 3707 1123 3770 iude

92 3827 315 3906 argumentum
334 3817 403 3899 peti
422 3817 525 3898 possit
539 3806 587 3878 ¹tul
606 3816 749 3899 spurium
764 3817 976 3900 judicandum
992 3819 1121 3904 librum,

85 3947 124 3999 ut
142 3955 215 4000 eam
244 3929 288 3999 ob
317 3949 451 3998 causum
470 3927 527 3999 vel
546 3933 692 3996 maximo
708 3929 786 3995 loui
801 3934 1031 4001 uiubesuuuru
1049 3960 1120 4004 esse
