2430 4290
1042 84 1094 161 22

39 293 140 340 nemo
164 265 317 355 negabit,
339 264 516 330 Herculem
531 286 595 331 non
611 277 736 332 tuntum
747 265 930 353 Eurystheo
950 268 1094 333 corvine

40 394 129 478 regi,
152 390 240 474 quod
254 383 462 471 aliquatenus
476 382 648 449 honestum
664 383 768 450 videri
782 395 903 471 potest,
922 384 1095 449 sedetiam

42 507 230 595 impudicae
244 501 381 569 mulieri
404 499 607 586 Omphalae,
637 522 721 589 quae
740 499 835 566 illum
856 501 1004 568 cestibus
1024 504 1096 567 suia

43 628 196 692 indutum
216 622 331 687 sedere
353 621 394 686 ad
409 621 508 705 pedes
524 640 603 683 suos
613 618 753 706 jubebat
769 640 870 706 pensa
884 621 1095 686 facienoum

48 742 193 807 Gravius
223 741 321 802 etiam
346 738 534 821 indignatur
563 736 648 817 hanc
675 740 865 802 servitutem
892 737 1034 806 Tertull.
1055 740 1097 805 ds

46 859 153 947 pallio
184 856 247 939 IV,
275 879 309 942 p.
339 861 401 919 116
429 855 481 920 ed.
509 853 645 940 Rigalti.
671 887 714 905 --
741 851 835 929 Quae
862 857 993 940 quidem
1019 856 1099 923 licet

48 978 197 1043 maxime
225 973 265 1036 ad
294 975 492 1039 comicorum
521 973 773 1058 descriptionem
803 973 973 1038 videantur
1000 975 1098 1059 perti·

49 1115 149 1174 nere,
182 1113 246 1156 non
268 1112 401 1177 prorsus
423 1087 465 1154 ab
488 1087 550 1154 bac
571 1091 735 1155 diversum
753 1090 859 1155 luisse
880 1112 974 1173 eant,
1002 1112 1099 1177 quum

51 1212 171 1295 tragici
191 1208 344 1274 Achaeus
366 1219 400 1270 et
419 1205 479 1270 Ion
501 1209 602 1270 secuti
630 1210 715 1288 sint,
741 1210 920 1290 rationem,
950 1209 1099 1295 equidem

50 1348 245 1415 persuasum
266 1323 395 1401 habeo;
415 1319 635 1388 insatiabilem
658 1339 745 1390 certe
766 1325 899 1391 bibendi
919 1327 1100 1413 edendique

51 1449 127 1530 ejus
148 1442 319 1507 libidinem
340 1442 382 1507 ab
404 1443 446 1505 iis
468 1454 687 1526 spectatorum
716 1443 821 1510 oculis
850 1466 923 1509 esse
950 1447 1099 1531 proposi·

52 1576 132 1645 tam,
155 1562 338 1646 fragmenta
358 1560 432 1642 ipsa
453 1558 581 1622 docent.
602 1594 645 1607 -

565 1750 595 1808 1.

267 1858 413 1914 ἐνιαυσίαν
430 1854 484 1929 γὰρ
503 1860 550 1914 δεῖ
563 1878 596 1928 με
614 1855 666 1929 τὴν
683 1856 784 1930 ἑορτὴν
801 1858 890 1929 λέγειν

266 1959 340 2030 (οἷον
356 1958 569 2032 καθημερινήν.)
777 1962 881 2017 Athon.
899 1962 950 2025 Vl,
966 1962 1026 2026 258,
1047 1962 1069 2015 f.

143 2131 195 2196 lte
216 2129 298 2196 hacc
319 2129 472 2216 leguntur
493 2131 526 2193 in
553 2128 648 2195 libris
677 2150 795 2213 mssa,
825 2153 908 2217 quae
929 2130 1104 2195 Delecam·

56 2251 135 2336 pius
155 2271 215 2335 pro
237 2243 311 2315 οἷον
330 2268 491 2334 reponens
512 2243 590 2331 ἡμῖν
611 2248 660 2310 sic
680 2251 795 2312 vertit:
817 2248 969 2312 Annuum
985 2248 1105 2312 festum

58 2369 171 2431 dicere
193 2379 322 2453 oportet
342 2364 437 2430 uobis
460 2385 533 2428 esse
548 2367 781 2451 quotidianum,
804 2386 865 2429 nos
880 2367 1024 2450 quotidie
1038 2380 1106 2429 tam

59 2483 231 2571 splendide
264 2480 451 2570 epulamur,
486 2504 524 2545 ac
546 2484 575 2544 si
603 2481 675 2546 dies
696 2482 800 2545 festus
823 2499 911 2547 esset
933 2486 1107 2570 quotannis

58 2605 268 2668 recurrens.“
296 2598 403 2676 Quam
424 2588 628 2682 ingeniosam
650 2597 905 2686 explicationem
924 2601 1109 2688 probarem,

61 2721 144 2783 ordo
167 2716 339 2782 verborum
360 2717 389 2780 si
411 2729 500 2777 esset
520 2714 617 2784 alius.
643 2714 814 2801 Bentlejus
836 2720 878 2780 ad
899 2718 988 2786 Mill.
1008 2743 1041 2804 p.
1057 2724 1110 2788 56.

64 2830 140 2902 οἷον
165 2828 390 2919 καθημερινὴν
415 2834 536 2896 tacitus
563 2835 674 2897 omisit
695 2844 728 2894 et
748 2828 852 2913 λέγειν
873 2835 906 2895 in
929 2831 1020 2918 λέγειν
1039 2857 1111 2901 mu.

63 2953 168 3025 tavit3
193 2963 365 3036 utrumque
385 2963 473 3015 recte
496 2950 624 3033 quidem
643 2948 742 3028 fecit,
764 2970 838 3012 nam
860 2947 944 3016 illud
965 2948 1038 3021 οἷον
1057 2977 1112 3021 κα-

62 3064 247 3152 acceptorio
268 3089 363 3131 nemo
378 3089 442 3131 nun
458 3065 581 3132 videta
602 3062 739 3129 librario
760 3087 832 3131 esse
855 3071 1050 3156 adscriptum
1072 3071 1115 3136 ad

63 3183 296 3270 explicandam
317 3206 431 3249 vocem
453 3181 630 3265 ἐνιαυσίαν,
664 3204 747 3269 quae
767 3183 926 3251 hocloco
948 3185 1116 3272 significat

63 3323 131 3388 per
157 3310 258 3366 dolrem
286 3324 403 3367 ακκκνκ
431 3303 554 3367 durans
582 3302 653 3365 sive
682 3303 903 3385 quotidianum
933 3303 975 3367 cl.
998 3303 1111 3391 Eurip.

68 3419 195 3484 Phoen.
217 3443 249 3484 v.
271 3424 345 3489 554,
367 3419 418 3483 ed.
440 3418 532 3484 Pers.
554 3415 721 3485 ἐνιαύσιον
749 3416 888 3513 κύκλου,
901 3442 965 3506 quo
987 3423 1113 3486 additu·

67 3548 180 3607 mento
202 3539 236 3600 in
257 3550 386 3602 textum
408 3548 539 3620 recepto
562 3538 660 3598 etiam
687 3532 832 3618 ἄναυλα
858 3534 962 3621 λέγειν
989 3552 1116 3603 mutan·

69 3655 148 3719 dum
177 3653 250 3722 fuit.
277 3689 321 3703 -
362 3651 516 3717 Ceterum
553 3652 714 3716 notandus
747 3665 797 3717 est
833 3655 992 3720 ionismus
1025 3658 1118 3721 vocis

68 3764 188 3853 ἑορτή,
220 3791 303 3855 quae
331 3781 439 3835 utrum
467 3765 669 3852 δισυλλάβως
697 3772 905 3854 pronuntiata
935 3770 1053 3838 solum
1073 3794 1116 3839 au

68 3889 174 3953 etiam
207 3888 329 3973 scripta
357 3886 457 3951 fuerit
491 3882 592 3970 ὁρτὴ,
632 3883 775 3952 dubitari
809 3890 925 3974 possit.
968 3888 1117 3956 Euutatb.
