2430 4290
1061 100 1111 177 ts

56 287 207 357 constat,
241 274 285 339 ci.
315 271 445 337 lansius
471 272 512 337 dc
542 271 755 357 scriptoribus
783 273 898 342 histor.
924 272 1044 360 philos.
1064 280 1109 363 ll,

57 402 121 478 13,
147 404 188 476 4,
217 396 249 457 et
270 412 352 477 qnos
373 389 504 473 laudat,
525 390 645 456 Strabo
667 388 724 457 lib.
746 388 836 473 llll,
857 390 1020 463 Plutarch.
1041 400 1108 467 vita

55 512 167 579 A'rati.

314 909 513 1075 CAPUT
560 984 852 1076 TERTIUM.

116 1167 374 1246 DRAMATA
406 1166 544 1242 10le
577 1164 949 1245 RECENSENTUR
981 1173 1049 1249 ΕΤ

396 1299 770 1377 EXPLICANTUR.

143 1570 348 1659 Quamquam
372 1570 407 1633 in
438 1587 596 1634 canonem
631 1569 789 1651 tragicum
823 1584 973 1655 receptus
1009 1579 1104 1663 copie

55 1704 170 1757 tamea
191 1690 372 1755 dramatum
393 1683 435 1750 ab
458 1706 498 1749 eo
525 1686 778 1769 compositorum
806 1705 879 1751 cum
907 1689 1107 1777 principibus

56 1804 130 1871 illis
152 1806 342 1891 tragoediae
363 1821 504 1889 graecae
524 1803 707 1885 comparari
728 1822 793 1865 nou
816 1815 940 1887 potest;
968 1828 1028 1873 nec
1049 1814 1108 1875 mi-

56 1944 152 2004 rum,
182 1922 238 2006 qui
269 1934 336 1987 tam
364 1921 457 1985 varia
484 1921 690 1997 tractaverit,
720 1918 923 2004 singulorum
952 1921 1108 1995 librorum

57 2058 197 2105 numero
219 2040 378 2123 superari.
422 2036 489 2100 Sed
510 2057 550 2099 ne
572 2036 611 2099 de
632 2038 705 2120 ipso
727 2036 857 2122 quidem
878 2059 1012 2107 numero
1034 2046 1109 2111 dra·

57 2168 196 2238 ntatum,
219 2176 302 2241 qnae
323 2154 466 2238 scripsit,
489 2154 570 2216 satis
588 2164 726 2231 constat,
747 2154 922 2219 secundum
941 2159 1109 2233 sclroliast.

58 2270 229 2358 Aristoph.
243 2272 314 2336 Pax
338 2294 370 2336 v.
384 2275 457 2335 835.
486 2268 621 2333 Suidam
643 2292 674 2333 r.
687 2263 775 2349 Ἴων,
797 2268 976 2339 Eudociam
998 2302 1029 2364 p.
1045 2287 1107 2349 248

59 2390 120 2456 alii
147 2389 321 2453 duodecim
350 2400 491 2466 tantum,
520 2384 578 2450 alii
607 2387 741 2470 triginta
767 2383 821 2449 vel
843 2392 1058 2478 quadraginta
1078 2400 1110 2462 ei

59 2506 259 2585 tribuerunt,
296 2525 341 2568 ex
378 2501 496 2590 quibus
532 2503 682 2569 undecim
711 2501 800 2566 tituli
828 2504 934 2570 adhuc
964 2525 1108 2578 exstant.

61 2622 158 2700 Quae
177 2622 366 2687 differentia
387 2620 471 2684 sicut
492 2622 526 2684 in
547 2618 659 2685 multis
680 2616 912 2705 aliistragicis
933 2625 1009 2689 inde
1037 2649 1110 2694 esse

60 2752 140 2805 nata
161 2739 302 2817 videtur,
319 2736 411 2823 qnod
433 2733 493 2801 alii
514 2738 642 2801 nonnisi
665 2736 852 2820 tragoedias
872 2757 1109 2826 enumerarem,

60 2856 122 2921 alii
141 2856 283 2938 satyrica
304 2874 433 2939 quoque
455 2853 601 2916 dramata
630 2852 802 2925 adderent;
833 2873 932 2936 quare
960 2875 1024 2921 non
1054 2858 1110 2923 alt·

60 2973 195 3038 surdum
217 2970 318 3034 inerit
347 2980 510 3049 statuere,
539 2968 709 3032 duodecim
731 2965 842 3031 Ionem
864 2972 1036 3056 scripsisse
1058 2999 1109 3043 sa·

60 3090 168 3173 tyrica
188 3086 348 3165 dramata,
372 3084 596 3169 duodeviginti
616 3102 693 3146 vero
715 3082 770 3147 vel
786 3070 1026 3173 duodetriginta
1044 3105 1108 3157 tra·

59 3206 210 3293 goedias.
235 3200 351 3289 Neque
373 3214 479 3267 atrurn
502 3198 650 3284 singulas
674 3211 797 3266 tantum
819 3204 960 3269 ediderit
977 3204 1108 3274 fabulas

60 3330 106 3389 aaa
124 3317 324 3404 =terrrlcgicr
352 3319 423 3385 sive
450 3315 601 3399 trilogiaa
628 3310 868 3405 composuerit,
897 3320 1016 3387 diserte
1044 3342 1112 3391 nro·

60 3439 188 3513 mariae
202 3437 373 3521 'proditum
395 3447 458 3519 est,
479 3434 538 3498 sed
558 3436 619 3500 vix
641 3435 782 3501 dubitari
803 3446 922 3519 potest,
950 3440 1027 3524 quin
1051 3441 1112 3509 bac

34 3572 37 3578 ’
60 3555 396 3635 in⁷re.-'ri'ecentiores,
418 3548 616 3637 Sophoclem
637 3552 730 3632 dico,
752 3550 940 3636 Euripidem
963 3556 1113 3645 aliosque

61 3673 158 3756 sequi
176 3669 355 3751 maluerit,
386 3691 483 3756 quam
511 3671 633 3733 imitari
660 3668 815 3754 grandem
842 3667 934 3734 illam
957 3672 1113 3758 Aeschyli

61 3791 360 3873 compositionem,
402 3786 547 3852 moribus
590 3788 659 3849 suis
699 3805 812 3869 parum
856 3793 1112 3854 convenientem.

58 3904 179 3990 Aeque
198 3907 371 3987 incertum,
394 3914 474 3991 quot
493 3904 528 3968 in
550 3899 781 3969 certaminibus
801 3904 936 3968 musicis
959 3908 1113 3970 victorias

888 4024 914 4080 *λ
