2430 4290
1023 90 1072 165 01

45 271 265 339 edocebantur
285 272 330 334 in·
341 268 485 334 tabulato
507 269 632 356 aligno
646 280 776 334 structo.
794 269 973 338 ofil‘etitua
984 270 1073 358 legg.

49 403 108 454 att.
129 412 162 474 p,
184 396 236 455 84.
257 386 436 451 Aeschines
456 389 489 450 in
503 384 666 450 Tirrrarcb.
688 384 750 452 οὐκ
770 385 985 471 ίνουθέτησαν
1004 387 1075 454 ἕαυ-
1171 483 1174 486 ῃ

49 504 110 572 τόν
138 501 215 570 οὐδὲ
242 499 413 587 βελτιόνων
446 503 617 585 διατριβῶν
643 498 758 586 ἥψατο,
786 499 867 566 ἀλλὰ
894 503 1077 587 διημέρευεν
1120 518 1126 530 “

50 621 88 688 ἐν
106 623 152 706 τῷ
172 618 301 704 κυβείῳ,
322 607 364 683 οὖ
383 613 404 702 ἡ
423 617 541 701 τηλία
559 618 682 683 τίθεται
701 619 756 683 καί
773 615 851 694 τοὺς
863 617 1076 703 ἀλεκτρυόνας

51 733 271 821 συμβάλλουσι
289 732 344 800 καί
363 732 564 819 κυβεύουσιν.
608 733 707 818 Τηλία
734 731 775 796 ab
802 733 941 818 Etymol.
962 735 1075 825 Magn.

52 859 127 933 756,
153 857 203 918 57.
225 849 424 936 explicatur:
452 853 560 934 πῆγμα
585 847 783 933 τετράγωνον
810 848 861 935 ἐφ’
881 840 923 915 οὗ
947 847 1019 936 ἤτοι
1037 853 1078 920 τὰ

55 967 176 1052 α”λενρα
204 963 410 1048 πιπράσκεται
436 964 459 1049 ἢ
487 963 691 1050 ἀλεκτρυόνες
720 961 961 1049 συμβάλλονται
1002 966 1077 1033 Νοο

53 1105 133 1148 vero
155 1083 365 1158 contenti‚iia
393 1084 509 1160 armis,
538 1102 618 1166 quaa
637 1093 751 1145 natura
772 1082 823 1145 hia
844 1081 958 1148 avibnr
978 1082 1077 1164 dedit,

55 1201 166 1264 aeneis
187 1194 364 1262 calcaribus
385 1193 567 1280 (πλήκτροις
579 1195 744 1281 Aristoph.
764 1196 825 1264 Av.
846 1200 932 1280 760.)
953 1220 1010 1263 eoa
1030 1199 1079 1265 la·

56 1319 162 1380 niatae
183 1312 381 1378 instruebant
404 1325 497 1399 atque
523 1312 564 1375 ad
591 1333 731 1397 pugnam
759 1313 888 1400 adianto
917 1314 972 1379 vel
999 1314 1078 1381 allio

57 1429 285 1510 accendebant,
308 1429 392 1515 quod
410 1441 543 1493 vocatur
564 1428 810 1510 σκοροδίζεσθαι.
830 1430 872 1496 cl.
893 1429 1030 1496 Pharon.
1046 1454 1079 1496 v.

56 1541 326 1630 ἐσκοροδισμένος.
367 1544 531 1630 Aristopb.
551 1543 611 1629 Eq.
632 1550 704 1608 491.
725 1543 788 1608 Av.
809 1550 899 1627 105„
932 1546 973 1610 de
1000 1544 1080 1611 allio

58 1666 101 1730 cf.
122 1661 275 1746 Xenopb.
304 1682 442 1747 aympoa.
471 1669 531 1727 048
560 1636 610 1729 οό.
637 1659 731 1744 Bura,
759 1662 799 1725 de
828 1663 955 1726 adianto
981 1659 1081 1725 Dior·
1111 1679 1113 1682 ·

60 1779 162 1845 eorid.
189 1775 248 1843 lib.
273 1777 335 1857 lv,
369 1784 428 1858 30,
456 1800 488 1863 p.
510 1783 582 1846 292.
616 1775 740 1841 Plinius
768 1776 801 1841 h.
829 1796 861 1842 n.
887 1782 946 1859 22,
981 1799 1010 1843 ο.
1039 1783 1078 1842 21

59 1909 139 1961 sect.
161 1897 213 1960 30.
231 1926 275 1941 ·-
287 1881 468 1957 ¹Praeterea
488 1893 529 1956 de
549 1890 775 1958 certaminibus
795 1895 903 1957 avium
924 1904 957 1956 at
976 1890 1083 1979 gallo·

57 2033 130 2076 rum
150 2008 230 2095 gall.
252 2021 319 2072 tum
338 2010 421 2095 apud
437 2009 577 2076 Graecos
598 2024 665 2075 tum
679 2011 763 2094 apud
777 2008 939 2075 Romanoa
951 2007 1083 2075 uberius

59 2127 205 2212 disputat
231 2123 417 2191 Beckmaun
444 2125 637 2192 Geacbiohte
669 2126 725 2192 der
751 2126 917 2212 Erfindgg.
946 2138 1012 2196 tom
1038 2125 1083 2208 V,

58 2267 93 2331 p.
113 2249 196 2325 446,
226 2244 278 2306 cui
305 2242 433 2327 quidem
459 2244 545 2327 apud
564 2243 725 2309 Romanoa
754 2246 950 2308 coturnicum
977 2242 1083 2308 solum

59 2361 222 2440 videntur,
249 2358 333 2444 apud
354 2358 495 2424 Graecos
521 2356 681 2444 gallorum
701 2359 953 2446 gallinaceorum
979 2371 1083 2423 certa-

37 2478 151 2540 mina
171 2477 206 2539 in
226 2496 284 2539 nan
306 2474 417 2538 fuisse.
458 2474 594 2541 Dubitat
617 2480 700 2541 enim
721 2499 796 2542 num
822 2477 917 2542 ludua
944 2472 1002 2539 illa
1029 2496 1084 2537 oo·

60 2591 221 2652 turnioum
242 2610 349 2674 pugna
370 2612 447 2655 vera
466 2592 583 2656 luerit.¹
598 2591 651 2659 De
670 2592 835 2675 Romania,
855 2616 875 2658 a
895 2589 1010 2678 quibua
1024 2590 1084 2655 sub

61 2703 309 2788 imperatoribus
335 2706 460 2772 demum
487 2731 557 2774 moa
585 2712 647 2775 iste
673 2712 798 2775 videtur
825 2729 897 2773 ease
924 2718 1084 2792 receptus,

63 2821 112 2885 aa
129 2818 292 2885 crutam.
313 2823 493 2909 apopunm.
514 2849 547 2912 p.
568 2831 640 2891 ια.
661 2826 712 2890 eu.
735 2805 874 2888 tranum.
895 2822 962 2887 vna
980 2821 1085 2887 Anto·

62 2939 134 3000 nini
162 2958 195 3020 p.
221 2942 292 3002 930.
333 2937 436 3008 Marc.
462 2939 642 3005 Antoninus
669 2941 737 3005 cain
763 2939 807 3016 είς
833 2912 991 3006 ἕαυτὸνιΙ
1017 2944 1036 3020 §
1064 2944 1085 3004 6

63 3052 118 3116 ed.
141 3051 260 3132 Gatak.
280 3051 456 3121 Herodian.
476 3055 542 3138 Ill,
564 3061 622 3137 10,
641 3065 680 3138 4,
708 3077 741 3142 p.
763 3054 833 3123 150.
861 3045 990 3120 ΑσΙίειο.
1008 3055 1083 3120 bist.

65 3170 166 3232 anim.
185 3166 246 3249 lv,
269 3176 299 3235 1.
319 3206 361 3218 -
381 3171 473 3246 Quae
493 3193 565 3237 cum
588 3173 636 3237 ita
655 3175 731 3257 aint,
752 3194 815 3237 non
838 3194 918 3258 opua
939 3182 1025 3251 erat,
1049 3182 1086 3235 ut

64 3283 182 3368 Lange
202 3285 289 3349 vind.
319 3298 400 3372 trag.
427 3287 519 3357 Rom.
546 3289 587 3353 ad
614 3290 868 3355 demostrandam
896 3287 1086 3350 sententiam

64 3399 172 3481 illam,
194 3402 376 3485 apectacula
395 3403 586 3489 gladiatoria
607 3409 746 3490 tragicae
761 3405 975 3468 Romanorum
995 3406 1087 3487 pneai

66 3537 133 3580 nnn
153 3517 323 3584 admodum
344 3517 504 3602 obfuisse,
532 3523 574 3586 ad
594 3520 718 3605 Angloa
739 3534 772 3584 et
791 3519 954 3605 Hispanos
976 3520 1086 3585 confu-

68 3645 180 3716 geret,
203 3638 319 3722 qnippa
339 3650 525 3723 argumenta
544 3661 585 3706 ex
605 3641 686 3725 ipaia
707 3635 893 3722 tragoediae
912 3637 1086 3703 inventori·

69 3746 129 3815 bna
148 3753 391 3836 pati-poterant.
462 3744 465 3748 ’
