2430 4290
89 134 144 209 te

89 311 265 377 Hectorem
298 302 341 369 ab
372 297 504 368 Achille
539 301 739 368 interfectum
772 299 1020 384 redempturus.
1062 297 1124 362 Vix

90 429 219 494 tandem
238 419 386 512 precibus
407 421 493 508 quod
512 421 612 506 petit,
639 416 680 482 ab
708 440 747 481 eo
774 420 940 501 impetrat.
964 452 1011 464 -
1035 413 1122 490 -Quae

90 566 166 610 vero
187 547 221 608 ia
241 541 303 605 lrac
323 535 435 603 fabula
454 549 562 624 partes
584 536 704 600 luerint
722 531 889 611 Helenae,
920 553 990 596 non
1015 531 1122 618 liquet;

90 660 285 747 colloquitur
305 657 475 720 enimcum
493 649 610 736 Ulysse
631 652 670 715 de
690 647 902 728 inexorabili,
925 661 964 711 ut
989 650 1121 727 videtur,

90 781 251 863 tacitoque
278 772 435 838 assidenti
454 768 607 848 Achille,
634 771 680 831 ita
706 783 741 834 nt
762 770 901 832 feminae
921 788 1057 851 quoque
1077 786 1120 828 re-

89 897 164 980 giae
190 896 225 956 in
255 900 361 956 castra
390 889 492 951 luisse
513 901 643 951 secutae
663 888 841 951 rideantur.
871 881 1120 946 Andromachae

90 1021 176 1076 certe
198 1010 295 1071 etiam
316 1004 401 1090 apud
420 1002 618 1087 Aeschylum
639 1002 678 1068 fit
699 1004 837 1083 mentio,
859 1022 1059 1086 quamquam
1080 999 1121 1062 al·

88 1126 191 1191 luisse
212 1143 283 1187 cam
303 1125 454 1188 insecus
473 1141 538 1185 non
558 1131 694 1188 constat.

590 1309 621 1368 1.

166 1407 224 1490 Ἐν
244 1423 280 1490 δὲ
300 1425 459 1509 φρουροῖς
478 1415 537 1486 τὸν
552 1415 748 1506 ἀλεκτρυόνα
760 1416 876 1486 Ἰδαῖον
888 1417 997 1501 εἴρηκε
1012 1411 1121 1501 (ὁἼων

89 1539 227 1626 scilicet)
250 1535 385 1626 σύριγγα
405 1535 458 1606 dmi
478 1524 619 1604 codcov·

246 1705 249 1708 ⁴
292 1707 399 1775 κροθεῖ
415 1699 447 1760 de'
464 1721 510 1759 τοι
527 1703 623 1774 σῦριγξ
638 1697 739 1765 Ἰδαῖος
756 1694 889 1769 ἀλέκτωρ.
936 1671 954 1737 h·
1033 1755 1036 1760 ,

795 1801 894 1856 Athen.
911 1802 963 1866 1v,
983 1803 1045 1865 185,
1063 1817 1089 1858 a.

168 1940 336 2007 Articulus
356 1939 590 2005 insollemniter
615 1939 741 2024 positus
768 1935 809 2001 ab
838 1934 1028 2014 Athenaeo,
1061 1932 1118 1998 Ca·

88 2056 265 2122 sanbonnm
287 2054 467 2140 implicavit
486 2057 519 2117 in
542 2076 700 2134 errorem,
729 2066 765 2118 ut
784 2054 900 2119 ’Idaion
919 2041 1126 2137 conjungen·-

89 2177 163 2238 dnm
184 2185 312 2260 putaret
331 2194 403 2236 cum
423 2191 503 2236 voce
524 2170 643 2254 σῦριγξ.
682 2169 782 2235 Recte
805 2167 991 2256 explicasse
1012 2168 1117 2233 locum

88 2293 214 2355 videtur
226 2287 423 2375 Schweigh.,
444 2291 537 2373 cujus
551 2285 631 2352 haec
645 2303 720 2351 sunt
733 2286 849 2354 verba:
868 2285 990 2368 „Idaea
1004 2283 1115 2350 fistula
1151 2367 1153 2372 ³

88 2409 157 2471 sive
180 2406 337 2490 Phrygia,
367 2407 408 2471 ci.
437 2406 574 2473 Lucian.
601 2403 691 2474 dian.
711 2405 799 2472 deor.
819 2401 898 2468 llll.
939 2403 1011 2468 lam
1040 2421 1115 2465 vero

88 2544 145 2608 pro
167 2543 206 2585 eo
228 2523 312 2609 q'uod
334 2522 504 2606 Phrygiam
525 2519 578 2584 vel
593 2519 729 2585 >Idaeam
747 2517 891 2585 fistulam
917 2517 1037 2586 Ἰδαῖον
1064 2515 1116 2583 od

44 2712 48 2719 ,
88 2663 181 2727 ριγγω
202 2641 307 2705 dicere
328 2629 487 2724 potuerat,
508 2630 652 2702 fistulam
671 2638 786 2704 maluit
805 2661 864 2725 per
880 2638 1116 2722 adpositionem

89 2780 183 2846 quam
202 2757 311 2824 dicunt
329 2756 551 2842 grammatici,
577 2750 636 2820 τὸν
653 2751 771 2821 Ἰδαῖον
790 2751 987 2839 ἀλεκτρυόνα
1007 2750 1116 2839 appel-

88 2872 193 2941 lare.“
234 2872 406 2937 Praeterea
434 2872 591 2939 idem-vir
611 2876 723 2939 do‘ctus
743 2869 926 2956 ἀλεκτρυών
944 2872 1116 2934 restituen-

87 2990 163 3053 dum
190 3009 262 3052 esse
290 3000 401 3051 censet
425 3010 484 3073 pro
513 2986 672 3074 ἀλέκτωρ,
699 3001 805 3070 recte,
833 2991 967 3074 opinor;
996 2989 1115 3051 errarit

88 3106 174 3168 enim
193 3100 357 3184 librarius,
379 3106 463 3189 quod
485 3109 635 3169 continno
661 3116 882 3190 praecesserat
907 3103 992 3189 apud
1014 3101 1116 3166 Athe·

87 3241 204 3286 naeum
221 3218 405 3305 exemplum
426 3218 507 3285 illud
527 3219 626 3298 αὐλὸς
645 3219 785 3307 ἀλέκτωρ
806 3221 1000 3286 el'hoenice
1013 3195 1115 3300 Ionis,

85 3338 121 3416 in
151 3358 215 3423 quo
243 3357 312 3403 vox
339 3335 480 3424 ἀλέκτωρ
514 3338 708 3423 adjectivam
740 3342 877 3404 sustinet
900 3348 1114 3423 potestatem

87 3455 203 3519 eodem
223 3455 338 3536 modo,
367 3477 428 3541 qno
457 3452 556 3533 κάλός
581 3453 721 3538 ἀλέκτωρ
743 3456 976 3548 dixin-etiam
1003 3451 1114 3536 σῦριγξ

86 3567 228 3654 ἀλέκτωρ
248 3571 354 3677 dicere
373 3585 471 3658 poeta
490 3574 614 3659 potuit,
637 3574 694 3636 sed
716 3575 910 3658 exquisitius
932 3585 1000 3663 est,
1029 3567 1113 3656 qnod

86 3685 217 3769 scripsit
235 3682 348 3762 Ἰδαῖος
367 3685 556 3774 ἀλεκτρυών.
597 3688 710 3755 Prodit
728 3691 827 3774 igitur
848 3690 994 3752 senarius
1014 3685 1112 3778 paulo

86 3799 222 3867 liberior
241 3812 337 3887 atque
357 3804 437 3868 adeo
460 3802 597 3870 elumbis
618 3817 684 3869 tum
705 3818 836 3892 propter
858 3807 1017 3869 diaeresin
1040 3813 1113 3888 post

88 3938 200 3986 vocem
213 3916 341 4003 σῦριρξ,
363 3931 430 3985 tum
442 3935 572 4006 propter
586 3926 794 4008 anapaestum
808 3924 899 3988 vocis
913 3916 1110 4005 ἀλεκτρυώνς
