2430 4290
1083 124 1132 201 ill

76 288 252 377 dymiqm,
285 285 529 374 explicationes
558 302 765 355 recensentur
794 292 836 356 ul»
865 294 1035 366 Athenaeo
1063 302 1126 383 xl,

74 411 153 489 468,
175 428 206 473 ο.
227 410 303 487 501,
324 428 356 470 ο.
376 407 455 471 item
477 409 519 471 ub
541 408 714 471 Eustmlrio
736 407 759 471 Ι.
781 430 809 473 e.
822 446 865 459 -
887 413 990 480 formu
1011 420 1122 487 dnuw.

72 518 180 600 λωτός
199 544 402 611 nequaquam
424 524 640 611 comparanda
663 544 734 588 eum
757 521 914 611 ἅμφωτος
933 529 987 595 vel
1008 532 1123 619 ἄωτος,

74 642 164 707 τίνοι
183 636 357 723 ἀπύρωτος
369 662 389 705 a
402 638 529 726 ereptio,
551 636 787 717 εὐκύκλωτοςο
804 644 943 729 avulsio,
966 666 1002 715 ut
1018 648 1123 738 ὀμφα-

70 754 178 833 λωτὸς
197 754 239 822 ab
261 754 424 843 ὀμφαλόν
446 760 493 822 ita
515 760 608 843 quasi
630 779 650 821 a
672 756 840 825 <lonsoldo
862 764 1041 845 derivatur3
1070 785 1121 836 est

69 878 174 963 igitur
194 900 268 943 eum
282 874 413 961 'l'eupio
435 895 547 961 opusc.
564 875 609 957 ll,
632 878 674 940 86
694 873 888 960 explicanda
908 904 968 967 per
988 884 1119 972 ἔκπωμα

68 1018 137 1061 aon
156 992 398 1079 veropvotpe'vov
419 994 476 1059 sed
497 990 648 1057 manibus
669 988 863 1059 fabricatum
884 1012 919 1061 ut
941 1001 1116 1085 digitorum

69 1115 214 1200 vestigia
235 1116 268 1178 in
297 1132 338 1176 eo
367 1111 433 1176 sint
461 1129 632 1196 expressa.
659 1144 701 1157 -
728 1107 892 1195 ἄχραντον
917 1120 999 1202 πυρί
1030 1135 1116 1185 recte

65 1232 271 1317 grammatici
292 1228 443 1293 viderunt
463 1248 535 1292 esse
557 1226 767 1292 Homericum
795 1226 925 1315 duvone
953 1233 1004 1298 vel
1033 1233 1115 1303 ἀπύ-

66 1370 176 1433 ρωτον
219 1344 260 1418 ll.
280 1354 315 1425 ψ.
336 1350 418 1428 267,
447 1350 529 1427 270,
559 1348 638 1426 885,
668 1366 804 1430 quorum
826 1347 963 1415 alterurn
986 1349 1115 1439 ἄπυρον

66 1484 127 1529 vas
154 1460 338 1549 signifieat,
369 1462 456 1549 quod
484 1476 540 1526 aut
568 1463 639 1548 igni
667 1462 835 1528 admoveri
863 1486 927 1531 nou
949 1468 1035 1533 solet
1055 1488 1110 1535 aut

61 1582 142 1669 igne
169 1577 295 1645 laesum
323 1600 388 1644 non
418 1593 488 1661 est,
519 1577 677 1659 alterum,
706 1579 793 1664 quod
818 1577 910 1644 nullo
937 1586 1021 1667 ignis
1049 1608 1110 1649 usu

62 1696 259 1763 fabricatum
281 1708 342 1781 est,
363 1699 435 1761 sive
455 1690 670 1779 ψυχοὴλατον.
693 1695 736 1759 ef.
755 1695 878 1761 Athen.
892 1696 957 1782 Xl,
978 1706 1051 1783 501,
1076 1700 1109 1767 b.

63 1813 177 1894 Quare
198 1815 307 1898 aptius
335 1827 386 1876 est
413 1810 475 1875 hoe
504 1809 579 1875 loeo
607 1808 794 1897 intelligere
822 1810 954 1898 ἔκπωμα
980 1813 1109 1903 sindper-

59 1954 130 1998 τον.
151 1966 192 1981 -
213 1930 336 1995 Πελίου
354 1925 421 2013 μέγ’
443 1916 550 1993 ἆθλον
571 1927 656 2012 quod
679 1926 806 1993 seilicet
828 1926 906 1996 olim
925 1938 1108 2002 certamini·

59 2049 124 2116 bus
155 2051 190 2113 in
218 2046 375 2113 honorem
401 2042 512 2110 Peliae
540 2045 699 2108 institutis
728 2044 845 2112 Castor
874 2070 988 2115 oursus
1014 2074 1107 2138 prae·

57 2170 160 2233 mium
174 2175 408 2251 reportaverat.
424 2162 466 2230 ol.
480 2160 599 2226 Athen.
613 2159 677 2242 Xl,
692 2168 766 2246 468,
782 2165 865 2228 d.-
880 2164 976 2250 ἔργον
994 2171 1108 2237 ποδῶν

58 2285 104 2351 ei.
121 2283 221 2348 Horu.
236 2282 356 2366 Odyss.
369 2279 417 2361 X,
439 2286 480 2345 98
503 2278 580 2361 ἔργα
602 2280 692 2362 βοῶν
708 2280 1007 2368 siveVirgiliuuum
1022 2286 1106 2368 „bo-

57 2421 178 2487 umque
198 2397 367 2463 labores.“
388 2393 541 2482 poculum
563 2397 643 2459 dioit
663 2396 780 2481 pedum
802 2395 966 2480 laborem,
987 2405 1106 2489 quippe

58 2519 145 2605 quod
166 2517 286 2601 pedum
306 2511 419 2579 labere
441 2514 511 2578 sive
532 2515 652 2578 virtute
673 2526 843 2583 assecutus
867 2532 956 2583 esset
975 2516 1104 2588 Castor.

566 2705 598 2762 2.

225 2818 319 2871 κακοῖν
336 2810 449 2869 eludere
468 2811 598 2878 θάνατος
614 2812 652 2878 οἷς
670 2813 719 2885 ἴδῃ
737 2812 819 2868 κακά.

285 2916 365 2971 Stob.
378 2914 502 2986 florileg.
516 2913 631 2979 ἔπαινος
645 2910 787 2969 dandene.
800 2914 847 2971 tlt.
863 2914 925 2971 lto.
938 2931 968 2987 p.
981 2915 1042 2981 601,
1060 2916 1102 2969 16.

140 3048 319 3136 Eleganter
339 3048 420 3114 lraae
443 3050 607 3134 expressit
629 3047 782 3115 Grotius:

225 3200 302 3254 absit
318 3200 402 3253 malis
419 3214 497 3253 mors
514 3206 548 3253 ut
565 3218 618 3255 sua
636 3200 776 3271 adspiciat
792 3200 877 3255 mala.

139 3330 205 3397 His
233 3332 343 3399 verbis
370 3337 541 3420 imprecari
572 3336 699 3401 videtur
720 3334 841 3421 aliquis
860 3327 1022 3416 Aegistho
1051 3327 1101 3393 sel

57 3448 337 3535 Clytemestrae,
366 3473 407 3516 ne
436 3467 541 3516 morte
561 3455 733 3519 immatura
754 3452 842 3515 vitae
864 3468 1034 3513 aerumnas
1056 3448 1101 3511 el·

54 3567 176 3653 fugiat.
205 3604 248 3619 -
284 3567 436 3633 Ceterum
464 3571 549 3634 iuter
575 3583 710 3656 poetas,
745 3588 791 3631 ex
819 3564 936 3652 quibus
960 3566 1103 3629 loannes

55 3681 222 3750 Stobaeus
245 3688 448 3773 excerpserit
465 3686 649 3773 fragmenta
668 3684 780 3750 leuem
801 3695 948 3750 recenset
967 3682 1103 3747 Photius

53 3796 140 3865 bibl.
162 3823 191 3868 ο.
214 3807 276 3867 167
294 3826 327 3888 p.
349 3807 423 3871 373.
466 3803 533 3869 Sed
561 3804 624 3868 hoe
654 3823 753 3866 unum
782 3814 906 3867 tantum
935 3820 980 3862 ex
1010 3795 1103 3859 libris

52 3916 147 3983 lonis
169 3916 389 4003 fragmentum
409 3923 552 3989 servavit
574 3916 746 3988 Stobaeus.

858 4036 904 4097 2*
