2430 4290
108 169 149 223 IV

86 415 287 499 ¹videntur
312 439 406 490 esse.
449 417 588 491 Verum
614 430 658 490 ut
679 419 721 489 *in
747 419 808 509 tis,
834 410 1141 519 quorurii'opera

105 602 237 675 saltem
264 622 342 673 non
368 601 496 673 omnia
519 563 882 699 tempestatisillius
912 605 1140 701 importuni-

105 795 163 858 tas
195 785 306 859 nobis
336 783 497 874 invidit,
531 796 574 858 ut
606 786 647 857 iu
673 784 860 883 Sophocle
885 786 953 860 *vel
983 789 1026 858 in
1054 789 1139 863 Pla-

103 980 192 1041 tone
218 968 300 1041 fieri
326 917 437 1056 solet,
460 978 503 1040 ut
528 990 607 1040 nou
633 992 719 1040 eum
746 971 812 1065 qui
838 970 986 1063 singula
1012 960 1137 1066 cujus-

101 1174 177 1247 que
204 1171 321 1246 opera
346 1153 635 1246 pertractaverit
660 1164 772 1248 atque
797 1153 919 1224 etiam
932 1152 1136 1229 ‘intellexess

101 1335 163 1424 rit,
190 1333 413 1429 scriptorem
438 1351 530 1403 vere
550 1318 782 1406 intellectum
798 1333 936 1410 habere
952 1333 1138 1427 dieamus,

98 1520 154 1592 ita
186 1517 299 1590 etiam
332 1516 374 1586 iu
399 1511 643 1587 conferendis
678 1513 753 1590 illis
787 1518 960 1614 reliquiis
990 1541 1047 1590 ea.
1067 1520 1132 1592 de·

92 1669 204 1777 mum
232 1721 326 1774 vera
344 1709 463 1794 atque
486 1698 651 1792 ingenua
667 1702 764 1772 ratio
782 1646 1045 1791 euistimanda
1059 1716 1133 1793 est,

96 1906 193 1984 quae
218 1883 452 1979 singulorum
478 1879 673 1975 diligentia
696 1903 775 1956 non
796 1884 953 1975 omissa
979 1903 1131 1960 arcura*

59 2092 69 2111 ³
95 2081 175 2144 tam
202 2066 451 2159 distincteque
477 2085 699 2160 expressam
716 2055 981 2140 formam-sive
1002 2068 1129 2140 ideam

23 2287 26 2293 ·
93 2248 235 2345 ingenii
273 2246 465 2344 scriptoris
494 2248 623 2319 animo
663 2246 1129 2344 suppeditaturum

94 2435 224 2530 itaque
272 2429 498 2525 scriptorum
545 2430 755 2527 fragmenta
798 2433 980 2529 pauciora
1025 2449 1127 2526 sunt,

93 2632 208 2714 quam
228 2624 272 2686 ut
285 2608 381 2686 'inde
394 2615 619 2709 vergeretis
632 2616 759 2714 poesis
775 2617 839 2690 vel
853 2616 975 2714 ipsius
990 2570 1131 2717 poetae

92 2802 143 2877 ad
164 2800 358 2896 ingenirun
380 2791 647 2872 illustrandum
667 2801 750 2872 erui
764 2798 969 2896 quidquam
989 2805 1124 2899 possit,-

90 2987 162 3061 etsi
186 3006 264 3057 uon
287 3004 444 3081 prorsus
471 2981 748 3082 spemendaat
771 2995 876 3058 certe
902 3003 993 3059 uon'
1013 2978 1121 3061 tauto

89 3167 216 3244 studio
241 3167 355 3264 digua
378 3166 503 3242 videri
527 3162 683 3242 debent
723 3164 828 3256 Quae
844 3157 1019 3243 comita
1043 3161 1120 3242 siut

89 3344 325 3452 comparata,
358 3363 402 3425 ut
426 3349 593 3426 dubitari
611 3348 675 3425 'de
690 3352 739 3426 iis
763 3369 842 3426 non
865 3352 1006 3453 possit,
1040 3300 1121 3424 non

87 3541 185 3638 opus'
209 3559 292 3611 esse
317 3559 450 3611 censeo
475 3537 588 3633 longa
609 3536 1124 3635 explicatione‚2quare;ma-f

85 3721 221 3795 teriam
246 3709 270 3795 a
292 3713 452 3797 summis
472 3721 569 3798 viris
585 3729 788 3796 tractatam
804 3719 929 3794 denuo
948 3725 1113 3798 tractan-

85 3901 174 3981 dam
200 3906 390 4004 elegerim.
465 3901 552 3996 Qui.
572 3907 676 3982 enim
707 3905 899 4004 pop-„qim
925 3888 1122 4002 scriptum.
1163 3938 1166 3947 .
