2430 4290
1066 119 1111 192 li

82 297 198 367 Nubes
224 322 257 365 v.
283 305 356 366 332.
382 298 502 363 Suidus
528 319 560 363 v.
580 297 719 364 ιιυιιλιιῖν
736 298 866 384 quaein
896 293 1016 383 quihus
1039 296 1115 363 eddi

80 430 191 504 potest
212 415 399 500 Licymnius
420 413 534 495 Chius,
559 413 601 478 cl.
621 413 741 482 Athen.
760 412 819 482 lin.
839 411 942 496 ΧΙΙΙ,Ι
956 419 1027 489 564.
1040 418 1113 480 60³.

83 533 206 621 aliique
226 532 332 602 multi,
359 531 446 607 Quid
467 533 601 611 mirum,
623 532 709 617 quod
729 543 912 600 novatores
921 535 1011 598 istos
1021 553 1115 618 pere·

83 655 197 742 grinos
216 647 433 715 Athenienses
460 649 583 732 antiqui
602 645 694 711 velut
711 646 945 751 Aristophanes
966 646 1115 713 omnihus

71 769 208 855 ingenii
229 765 303 832 telis
324 762 557 850 impugnabant
577 775 611 826 et
636 785 657 828 a
683 760 784 830 bonis
805 743 937 831 artibus
955 767 1115 830 deterrere

83 881 304 950 studebant?
315 873 437 986 ltaque
463 856 697 964 dithyrambica
730 885 851 967 poesis
869 880 929 946 illa
955 882 1115 946 recentior

83 1023 149 1066 non
170 1021 246 1064 vere
266 1000 364 1064 attice
392 999 461 1062 sive
488 1019 535 1062 ex
561 999 687 1083 integro
708 997 992 1067 Atheniensium
982 1000 1114 1084 ingenio

82 1117 231 1204 proiecta
249 1126 302 1180 est
319 1112 479 1200 putanda,
501 1114 558 1178 sed
579 1134 661 1201 quae
681 1112 913 1182 inclinantibus
924 1118 996 1200 jum
1009 1114 1115 1180 literis

85 1230 272 1318 artibusque
299 1229 435 1297 Athenis
462 1249 507 1294 ex
542 1229 602 1295 illa
629 1252 753 1296 morum
779 1233 1010 1318 depravatione
1040 1243 1116 1296 nutu

84 1353 131 1414 sit
150 1346 259 1434 ibique
280 1337 387 1411 solum
412 1347 447 1410 in
470 1345 549 1411 urbe
573 1349 719 1434 principe
745 1351 836 1413 nasci
862 1352 1013 1434 potuerit.
1054 1346 1117 1412 Di·

86 1463 358 1550 thyrambicorum
376 1460 477 1548 igitur
496 1465 531 1528 in
551 1446 722 1528 scribendo
741 1466 835 1551 pravi
854 1486 961 1535 mores
981 1462 1032 1528 rel
1050 1466 1115 1527 vir-

86 1595 173 1647 tutes
187 1584 224 1647 ‘si
244 1579 326 1668 qnae
345 1579 487 1661 fuerunt,
507 1592 580 1643 cunr
599 1583 859 1645 ex‘comicorum
880 1579 1020 1645 lectione
1035 1582 1116 1644 satis

87 1702 158 1764 sint
174 1700 255 1779 noti,
276 1697 551 1783 operaepretium
571 1707 725 1778 nonest,
745 1696 786 1761 de
808 1694 994 1761 charactere
1014 1694 1114 1778 lonis,

86 1818 143 1903 qui
164 1814 289 1881 seilicet
307 1825 341 1879 et
359 1812 400 1880 ab
420 1810 638 1897 Aristophane
665 1814 800 1899 ejusque
822 1811 1007 1882 Scholiasta
1035 1825 1069 1878 et
1095 1834 1116 1877 a

86 1932 191 1999 Suidu
211 1933 245 1995 in
265 1927 397 1996 illorum
416 1949 548 1995 numero
569 1925 716 2011 habetur,
736 1943 773 1995 ut
792 1929 963 2017 sigillatim
976 1931 1117 2015 dispute-

84 2069 190 2116 musu
211 2045 287 2113 Nou
306 2047 393 2111 enim
409 2056 463 2127 est
481 2045 565 2132 quod
585 2043 785 2129 dubitemus,
806 2049 882 2135 quin
895 2050 1015 2116 -eudem
1035 2068 1117 2134 quae

86 2167 124 2230 in
143 2161 279 2250 reliquis
305 2164 526 2248 vituperantur
552 2166 633 2229 vitiu
659 2165 694 2229 iu
720 2163 799 2229 Ione
826 2185 957 2252 quoquo
978 2165 1116 2247 luerint:

87 2285 174 2348 ιιίαιιι
197 2277 250 2347 illi
274 2280 376 2366 igitur
396 2283 530 2347 tumoris
554 2278 671 2368 plenus
691 2292 725 2345 et
750 2278 905 2347 obscurus
933 2278 1118 2348 insolentis·

87 2402 173 2464 sima
194 2417 337 2484 quaeque
357 2394 561 2480 sectabatur,
583 2408 617 2461 et
635 2394 800 2477 sublimis,
820 2409 863 2461 ut
875 2398 956 2463 dicit
975 2399 1117 2464 comicus

88 2516 133 2582 ci.
161 2514 234 2579 Pax
254 2519 325 2580 824
350 2535 403 2597 u,
429 2533 488 2599 per
514 2534 591 2578 aera
619 2535 747 2598 semper
773 2511 955 2598 uagabatur
978 2514 1118 2599 indeque

86 2653 166 2698 aere
187 2627 387 2717 nubibusque
408 2632 586 2717 composita
605 2628 761 2696 nebulosa
784 2634 961 2697 carminum
981 2632 1118 2698 exordia

85 2746 154 2815 sihi
173 2745 363 2835 quaerebat.
543 2799 544 2806 ,

172 2864 219 2929 ln
229 2861 358 2939 Avibus
377 2860 490 2951 fabula
516 2861 602 2948 apud
621 2860 881 2946 Aristophanem
897 2884 929 2927 v
951 2867 1032 2929 1383
1062 2860 1118 2926 Ci-

86 2983 198 3048 nesias
217 2991 385 3067 poetarum
404 2956 536 3045 illorum
562 2977 786 3044 celeberrimus
814 2977 944 3044 hunc
926 3002 960 3051 ιιι
988 2979 1119 3047 modum

86 3099 286 3166 facetissime
304 3094 426 3160 ridetur
445 3095 604 3182 simulque
624 3116 734 3162 eorum
754 3119 807 3162 ars
826 3100 1070 3184 perstringitur:

123 3231 274 3303 Κινησίαν
294 3225 353 3285 o‘r‘rd
373 3231 426 3284 cori
441 3229 595 3300 πτερωθεὶς
611 3227 751 3302 βούλομαι
766 3227 914 3300 μετάρσιος

298 3326 490 3400 ἀναπτόμενος
510 3326 541 3386 ἐν
555 3333 612 3386 etde
627 3335 750 3401 νιφειιῖν
765 3327 864 3394 καινὰς
880 3330 974 3400 λαβεῖν
1054 3367 1059 3376 ·

297 3427 488 3503 discedentium
501 3432 551 3487 recl
566 3429 720 3506 νιφοβόιας
732 3422 886 3503 ἰἷναβολιῖι

122 3530 258 3588 Herodes.
298 3532 330 3590 ἐκ
344 3529 609 3604 caesenatenses
628 3530 665 3589 div
683 3554 726 3598 τις
743 3527 885 3605 ἀναβολὰς
903 3528 1000 3605 λάβοις

124 3638 224 3707 Krene·
298 3631 434 3706 κρέμαται
450 3632 500 3704 μὲν
517 3623 569 3689 οὖν
586 3631 716 3690 ἐντεῦθεν
731 3629 843 3705 ἦμῶνή
861 3629 973 3704 τέχνηί
1032 3709 1037 3717 ¹
1060 3616 1069 3627 ‘

187 3807 189 3809 q
300 3740 357 3794 ιιῖν
374 3732 558 3807 διθιιᾶμβαν
577 3732 631 3805 γὰρ
648 3731 684 3790 eci
701 3729 813 3803 λαμπρὰ
830 3735 936 3804 γίνεται
1039 3789 1042 3797 .

269 3832 385 3907 κἰἲέρια
402 3837 451 3893 acl
468 3832 565 3892 cedreni
581 3854 611 3904 ys
627 3835 676 3892 acl
689 3831 849 3906 κυαναυγέα

298 3939 347 3994 ναὶ
363 3934 567 4012 πτεροδόνητα.
573 3970 581 3992 ,·
589 3934 630 3998 etl·
644 3936 679 3999 dl
693 3935 789 3999 aldus
804 3937 881 3997 elcan
898 3933 988 4005 uiue.
1041 3965 1043 3969 Α
