2430 4290
1043 39 1095 155 'ea

558 256 589 319 l·

132 370 259 438 Pollux
276 368 332 451 X,
351 372 404 434 45.
425 367 480 435 καὶ
500 364 653 452 νάρθηκα
673 364 764 433 δ’ἆν
783 366 895 451 εἴποις,
917 368 1096 455 ΙΠᾶτωνος

43 494 111 579 μὲν
136 483 417 576 ναρθηκοφόρονς
443 482 685 571 ὀνομάσαντος,
714 482 829 562 Ἴωνος
855 487 891 555 δὲ
917 488 954 557 ἐν
978 494 1026 579 τῷ
1044 516 1096 579 με-

44 606 141 695 γάλῳ
162 603 302 691 δράματι
321 600 469 680 εἰπόντος
485 600 649 688 ψαφαρὸν
668 600 828 689 νάρθηκα.

560 763 590 819 2.

136 873 282 960 Hesych.
305 894 337 939 v.
358 868 593 956 ὀνοταζομένη,
622 872 843 959 πορθουμένη.
865 871 943 941 Ἴων
969 874 1097 963 μεγάλῳ

51 990 203 1080 δράματι.
229 991 351 1075 κυρίως
377 989 413 1055 δὲ
440 988 493 1055 ἐπὶ
519 990 580 1054 τοῦ
601 987 857 1074 ἐκφανλίζεσθαι.
899 992 1037 1061 Photiuo
1066 1012 1099 1061 et

50 1112 196 1179 Phavor.
232 1130 264 1173 v.
301 1102 533 1189 ὀνοναζομένη,
565 1104 825 1192 ἐκφανλιζομένη.
863 1105 940 1176 Ἴων
971 1110 1100 1201 μεγάλῳ

51 1225 201 1314 δράματι.

562 1346 594 1406 3.

138 1458 284 1543 Hesych.
305 1479 337 1522 u.
366 1449 575 1541 μελάγχενον,
603 1454 732 1540 μεγάλῳ
761 1452 916 1541 δράματι,
943 1458 1008 1528 ἀπὸ
1035 1465 1102 1529 τῶν

54 1574 247 1664 ἀνθρώπων
275 1568 349 1638 οἷον
376 1568 591 1655 ἀκμάζουσαν.
635 1570 743 1635 Bentl.
774 1576 909 1658 corrigit
937 1598 970 1659 p.
992 1582 1034 1641 54
1060 1580 1100 1643 ad

54 1694 146 1764 Mitt.
166 1690 387 1780 μελαγχαίταν,
400 1685 478 1755 Ἴων
498 1685 607 1772 μενάλ.
629 1690 723 1772 donn.
747 1691 863 1775 quippe
885 1685 1102 1760 ti''Iorulacilo

55 1815 166 1879 omitti
187 1812 292 1898 potuit
312 1818 445 1893 propter
467 1825 606 1891 nequens
634 1802 724 1882 οἷον,
754 1808 839 1891 quod
861 1808 975 1873 iisdem
996 1810 1103 1879 literis

55 1927 274 1998 scribebatur.
293 1952 336 1972 -ὲ
356 1922 399 1989 cf.
422 1921 559 1986 Hesiod.
582 1922 673 1987 Scut.
697 1926 768 1986 186.

427 2184 504 2252 Vll.
544 2164 741 2277 'Octauii-⁷1.

145 2358 273 2428 Fabula
292 2357 358 2423 tuit
377 2359 537 2439 satyrica,
568 2358 602 2421 id
632 2359 717 2445 qnod
748 2372 813 2421 tum
843 2380 887 2423 ex
915 2360 1107 2447 fragmentis

60 2481 311 2568 argumentique
347 2475 452 2559 ipsius
487 2487 603 2537 natura
637 2487 704 2538 tum
734 2497 752 2538 e
779 2476 940 2540 Strabone
969 2494 1107 2544 constat.

60 2600 301 2684 Argumentum
322 2594 392 2657 fere
413 2592 476 2656 hoc
504 2603 571 2655 est:
604 2590 767 2679 Omphala
788 2591 922 2656 dardani
944 2594 1109 2678 Lydorum

63 2718 155 2801 regis
176 2711 258 2790 filia,
280 2706 400 2776 Tmolo
424 2711 564 2793 conjuge
584 2723 724 2790 mortuo,
747 2712 819 2794 ipsa
839 2732 976 2793 regnum
997 2734 1109 2797 capes-

65 2835 121 2896 sit.
152 2829 195 2897 cf.
223 2828 369 2892 Eudocia
396 2849 429 2893 v.
451 2822 612 2908 Ὀμφάλη.
641 2824 795 2910 Apollod.
825 2822 904 2888 bibl.
931 2824 982 2908 ll,
1010 2832 1050 2910 6,
1079 2836 1109 2896 3.

64 2948 154 3012 Huic
175 2946 309 3029 reginae
329 2939 491 3007 Hercules
515 2952 647 3025 propter
667 2940 757 3005 filios
784 2962 862 3008 auos
891 2941 932 3007 ab
960 2947 1033 3030 ipso
1064 2951 1111 3012 in-

65 3064 225 3128 terlectos
253 3064 288 3125 iu
316 3060 507 3125 servitutem
538 3055 694 3139 traditur,
730 3081 749 3121 a
778 3059 943 3127 Mercurio
970 3065 1011 3126 ad
1040 3086 1112 3129 eam

64 3180 236 3246 deductus.
265 3177 307 3244 cf.
331 3175 454 3259 Hygin.
475 3168 542 3236 fab.
565 3177 617 3236 32.
645 3171 798 3258 Apollod.
829 3177 908 3241 bibl.
929 3178 981 3259 ll,
1010 3185 1049 3262 6,
1081 3188 1111 3247 1.

64 3298 146 3363 lude
168 3308 335 3381 cumptum
356 3303 406 3356 eat
425 3301 650 3373 argumentum
672 3291 827 3357 dramatis
849 3298 973 3378 nostri,
993 3299 1027 3360 iu
1049 3321 1113 3385 quo

66 3426 200 3500 praeter
226 3411 340 3477 Ionem
369 3407 428 3473 alii
461 3405 557 3471 multi
585 3420 618 3470 et
646 3411 762 3472 comici
791 3422 824 3471 et
852 3414 966 3495 tragici
994 3420 1115 3480 uersati

68 3542 156 3596 aunt.
212 3525 340 3593 Cratini
368 3527 454 3590 enirn
482 3525 625 3605 junioris
660 3537 693 3586 et
722 3523 918 3610 Antiphauia
951 3529 1116 3618 Omphala

66 3647 225 3713 laudatur
258 3644 448 3724 comoedia,
487 3640 528 3706 ab
557 3642 675 3708 Athen.
697 3640 765 3721 Ill,
796 3648 875 3725 112,
906 3666 941 3721 c;
973 3654 1051 3730 123,
1073 3647 1114 3725 b;

70 3767 153 3844 125,
181 3784 211 3826 a.
234 3759 315 3840 XV,
343 3764 424 3840 669,
445 3779 483 3834 a;
516 3772 592 3824 uota
613 3763 692 3823 item
714 3770 764 3823 ent
783 3758 909 3825 Achaei
929 3760 1044 3828 fabula
1062 3785 1116 3828 aa·

69 3881 187 3965 tyrica.
