2430 4290
96 332 206 424 putem.
249 339 347 405 Recte
375 345 459 406 enim
487 341 675 427 Bentlajus,
704 345 837 411 Snidam
863 347 960 413 solito
986 361 1118 435 stupore

92 455 186 520 uerba
206 459 291 541 ejus,
313 479 406 544 quem
429 462 613 545 exscripsit,
633 482 746 546 parum
762 461 969 528 intellexisse
985 476 1017 527 et
1030 465 1117 549 qnod

86 575 207 637 mentio
229 571 352 659 Orphei
373 579 406 639 in
429 596 467 638 eo
491 578 533 639 sit
551 575 649 656 facta,
671 574 803 664 Orpheo
824 578 942 644 librum
964 578 1116 644 tribuisse

79 693 210 754 statuit.
254 688 378 764 Quodsi
402 691 538 775 denique
566 706 788 776 argumentum
815 692 891 758 libri
919 694 1017 780 hujus
1043 716 1114 780 spe-

75 820 229 888 ctamus,
260 807 496 892 Pythagoreum
517 829 595 871 sane
616 820 780 874 auctorem
799 810 1012 895 fragmentum
1033 810 1116 874 illud

69 923 210 1006 prodit,
226 926 340 1010 incipit
361 928 446 988 enim
465 926 505 988 de
528 926 658 987 ternarii
679 927 802 989 numeri
822 929 940 991 virtute
961 949 999 990 ac
1020 947 1113 1011 prae-

67 1043 215 1120 stantia,
237 1043 321 1105 nnde
337 1042 481 1106 derivata
502 1053 552 1104 est
571 1042 738 1125 inscriptio
752 1039 912 1125 τρινγμός,
935 1045 1018 1108 sicut
1030 1041 1113 1105 alias

70 1155 268 1220 celebratur
294 1152 484 1238 τετράκτνςτ
513 1156 592 1220 haec
619 1178 696 1220 vero
724 1178 777 1221 res
805 1170 947 1222 nostram
971 1159 1010 1223 de
1035 1144 1123 1222 libri'
1177 1159 1183 1174 '

70 1286 216 1354 anctore
249 1275 439 1335 sententiam
475 1273 666 1338 confirmare
698 1277 806 1358 potins
839 1297 935 1361 qnam
961 1273 1112 1338 refellere

71 1387 188 1457 dehet.
229 1386 314 1452 Nam
343 1387 453 1451 lonem
480 1410 544 1453 non
571 1391 773 1455 mediocriter
793 1391 1028 1476 Pythagoricae
1056 1389 1112 1452 do·

71 1509 203 1570 ctrinae
223 1504 327 1569 fnisse
348 1505 502 1585 deditum,
523 1528 592 1568 oum
613 1508 809 1590 epigramma
829 1509 861 1571 iu
882 1505 1110 1589 Pherecydem,

73 1622 164 1706 qnod
187 1642 284 1705 supra
304 1617 446 1699 laudavi,
467 1621 593 1702 doceat,
614 1632 680 1685 tum
699 1619 923 1706 philosophiae
939 1624 1010 1704 ejus
1023 1623 1111 1705 prin-

78 1741 202 1823 cipinm
224 1739 354 1804 evincit.
385 1736 515 1800 Praeter
536 1735 642 1801 locum
665 1737 835 1818 Isocratis„
850 1760 895 1801 ex
917 1759 979 1821 quo
999 1736 1111 1800 Ionem

76 1856 240 1932 discimus,
262 1856 324 1915 tria
354 1855 505 1916 statuisse
530 1836 638 1917 rerum
665 1855 842 1937 principia,
879 1853 964 1917 alius
1000 1862 1110 1916 exstat

77 1969 170 2033 locus
200 1969 284 2054 apud
308 1967 516 2032 Aristotelem
551 1981 584 2032 et
610 1969 694 2055 apud
727 1981 1006 2034 commentatorem
1036 1969 1108 2051 ejus

78 2084 306 2169 philoponum,
331 2089 471 2169 quirem
493 2084 640 2149 conficit:

159 2189 355 2264 Aristoteles
374 2205 447 2285 περὶ
466 2200 617 2284 γενέσεως
637 2203 691 2268 καὶ
718 2187 850 2287 uddonis
877 2200 935 2266 lih.
956 2198 1007 2279 Il,
1035 2199 1107 2262 init.

79 2341 111 2403 p.
133 2324 212 2395 329,
241 2339 276 2396 a,
305 2318 355 2381 ed.
384 2315 490 2383 Behh.
516 2316 641 2383 τούτων
661 2318 696 2383 δὲ
715 2316 1005 2404 τὴνὺποκειμένην
1024 2311 1108 2397 ὕλην

81 2435 112 2498 οἱ
130 2431 190 2517 μέν
212 2448 312 2516 φασιν
334 2431 415 2499 εἶναι
435 2436 529 2519 μίαν,
556 2429 628 2499 olon
640 2429 728 2515 Ινὶέρν
748 2433 888 2512 τνθέντες
908 2433 929 2520 ἢ
949 2436 1016 2516 πῦρ
1035 2428 1057 2514 ἤ
1077 2452 1108 2494 τι

80 2546 194 2633 μεταξὺ
215 2546 356 2630 τούτων,
388 2548 479 2634 σῶμά
499 2571 532 2615 τε
553 2547 593 2614 ὂν
613 2549 667 2615 καὶ
687 2550 860 2635 χωριστόν,
890 2555 923 2619 ol
949 2550 984 2616 δέ
1008 2520 1106 2614 πλείω

79 2663 136 2731 τὸν
156 2663 299 2749 ἆρνθμὸν
322 2663 410 2746 ένός,
440 2668 472 2731 οἱ
490 2664 548 2750 μέν
568 2669 635 2749 πῦρ
654 2666 708 2732 καὶ
727 2670 803 2751 γῆν,
826 2669 858 2732 ol
877 2667 912 2733 δὲ
931 2667 1033 2731 ταῦτα
1051 2660 1107 2727 καὶ
1209 2712 1213 2719 .

80 2779 158 2865 ἀέρα
189 2783 312 2864 τρίτον,
348 2783 382 2847 οἱ
410 2781 446 2847 δὲ
476 2781 532 2846 καὶ
556 2779 645 2865 ὕδωρ
671 2780 796 2848 τούτων
822 2781 972 2866 τέταρτον
998 2775 1104 2860 ὥσπερ

75 2895 295 2982 Ἐμπεδοκλῆς.
337 2897 387 2961 Ad
415 2898 498 2961 hunc
525 2897 631 2960 locum
651 2897 848 2983 Philopouus
869 2903 902 2963 iu
924 2906 1106 2964 commentt.

81 3016 118 3078 ad
130 3016 268 3079 Aristot.
289 3015 329 3082 de
350 3025 493 3098 generat.
507 3027 539 3076 et
554 3025 692 3098 corrupt.
707 3013 1104 3081 editVenet.Ald.1527.

79 3155 109 3216 p.
128 3138 190 3212 46,
212 3128 250 3212 b,
280 3128 338 3192 lin.
361 3133 391 3194 5.
411 3129 492 3193 haec
519 3131 662 3194 notavit:
693 3127 791 3195 alodo
818 3129 895 3208 τούς
920 3130 955 3197 έν
981 3153 1013 3196 τι
1038 3129 1103 3194 τῶν

80 3244 241 3331 τεσσάρων
265 3240 517 3328 ὑποτνθεμένονς
542 3242 644 3330 ἀρχὴν
668 3247 734 3310 τῶν
753 3243 924 3331 condano,
945 3249 1008 3313 νῦν
1026 3240 1103 3319 τοὺς
1135 3280 1139 3289 ,

80 3366 207 3439 πλείους
231 3364 307 3448 μνᾶς
332 3357 584 3447 ὑποτιθεμένους
610 3361 782 3443 έκτίθετνι,
808 3346 917 3447 lltfovu
940 3359 1102 3427 τινὰτῶν

79 3476 250 3563 τεσσάρων,
272 3477 294 3562 ἢ
314 3477 368 3543 καὶ
389 3475 473 3542 ον’τά
493 3475 533 3543 acl
553 3476 698 3561 τέσσαρα,
720 3473 792 3544 οἷον
811 3481 878 3562 πῦρ
898 3478 956 3564 μέν
968 3477 1022 3543 καὶ
1040 3478 1102 3560 γῆν

81 3591 326 3678 ὁΠαρμενίθης
351 3589 497 3660 ὑπέθετο.
532 3597 632 3660 ταῦτα
663 3594 697 3659 δὲ
725 3592 802 3678 μετὰ
828 3597 888 3661 τοῦ
915 3591 1010 3677 ἀέρος
1025 3589 1101 3656 'Iov
1194 3618 1210 3631 ··

82 3705 99 3772 ὁ
129 3714 209 3786 Χῖος
242 3684 274 3774 ὁ]
295 3707 559 3795 τραγῳδοποιός,
588 3708 799 3795 Ἐμπεδοκλῆς
829 3712 864 3776 δέ
896 3709 937 3777 τοὶ
965 3709 1101 3791 τέσσαρα

82 3819 223 3892 ὑπέθετο.

160 3940 284 4018 Quibus
306 3965 350 4009 ex
371 3945 563 4034 fragmentis
589 3945 798 4033 paucissimis
825 3965 911 4034 unae
938 3943 981 4005 he
1003 3938 1114 4020 drihe-

877 4063 927 4123 '‘ss
