2430 4290
376 228 405 299 ,ἦ
627 290 630 294 .

104 579 107 584 ¹
137 455 254 581 Athen.
276 495 320 577 ΙΙ,
341 500 393 577 35,
415 516 444 563 6.
465 493 541 562 Ἴον
561 496 596 563 di
617 493 636 563 ὁ
657 493 737 575 Χῖός
757 513 900 585 φηοιν·Δ
1034 541 1036 545 ,
1071 539 1074 544 -

687 303 689 310 .
784 286 946 336 ,ψῖθλ
1058 289 1078 333 ,l

213 672 333 747 ’Ἄδαμον
350 681 441 734 παῖδα
457 675 605 747 vacuanda
622 677 687 736 νέον
704 676 739 740 ον’
754 680 819 736 νέον

218 771 333 846 ἥδιστον
349 779 494 849 πρόπολον
509 779 712 851 βαρυγδούπων
732 774 858 849 ἐρώτων
918 781 919 784 ’

222 875 300 935 οἶνον
315 875 464 950 αἐοσίνοον
480 875 798 951 α’νθρῶπωνίπρνὲνανιν.
915 894 918 898 ’
999 897 1005 908 ”
1042 906 1048 919 =

136 1443 261 1510 Versus
278 1448 399 1531 primus
417 1447 528 1531 incipit
547 1468 604 1532 per
624 1459 849 1535 anapaestum,
878 1447 932 1530 qui
952 1457 1003 1509 est
1020 1467 1080 1530 pro

54 1557 147 1642 basi,
189 1563 330 1647 sequitur
364 1561 528 1627 trochaica
561 1564 689 1648 dipodia
721 1563 834 1648 gnavis⁴
857 1571 890 1625 et
922 1559 1082 1626 clauditur

56 1676 185 1759 rythmo
200 1674 372 1761 logaddicc
381 1700 391 1754 ;
412 1655 569 1744 secundun
589 1701 647 1765 per
660 1680 840 1764 gravionem
854 1678 1009 1761 incipieus
1024 1675 1082 1740 ba·

56 1794 137 1872 nim,
166 1794 341 1876 npnndeum
363 1792 503 1875 scilicet,
531 1797 646 1859 transit
661 1798 695 1858 in
714 1792 935 1878 lugaidicum,
957 1790 1082 1885 clandi-

54 1921 107 1970 tur
128 1908 260 1991 dipodia
283 1904 447 1974 trochaica
468 1912 577 1993 gnavi3
607 1913 720 1974 tertius
739 1931 784 1973 ex
811 1907 934 1973 duabus
955 1899 1082 1974 constat

53 2023 213 2107 partibus,
236 2045 368 2118 quarum
388 2028 476 2110 prior
497 2038 546 2089 eet
565 2048 675 2090 rursus
694 2025 892 2112 logaudicun
906 2029 975 2090 sinc
996 2022 1080 2106 basi,

54 2135 139 2202 alter
159 2134 337 2220 dactylicus
358 2138 456 2205 catal.
478 2164 549 2206 cum
571 2139 653 2209 bani.

136 2253 199 2317 Pro
213 2254 357 2337 inaudita
373 2256 477 2320 farma
496 2253 621 2340 ἅδᾳμον
633 2255 841 2323 Canaubcnun
862 2280 907 2322 ax
919 2254 1081 2340 Hesychia

53 2359 198 2434 restitnit
217 2365 377 2453 ἄδαμνονς
401 2372 447 2434 sic
468 2374 554 2435 enim
572 2372 767 2456 Hesychav.
788 2371 949 2458 ἀδαμνόν,
980 2367 1082 2454 dyad-

55 2471 142 2569 μονα
167 2481 190 2568 ἢ
215 2482 457 2570 νοώτοδομνον.
498 2487 697 2554 Phanoriuns
726 2489 909 2584 hicaddit:
936 2524 977 2539 -
1006 2484 1082 2553 ἀδα-

57 2605 153 2684 μναῖς
190 2597 441 2677 οἷνολοισνοιίναις.
469 2637 511 2651 -
551 2601 710 2690 ἄδαμνὴς,
753 2603 897 2691 ἰσχυρὸς,
939 2599 1081 2686 σκληρός.

56 2706 216 2802 Equidem
237 2729 343 2781 tamen
371 2715 506 2782 alteram
532 2717 668 2783 sormam
694 2721 844 2784 damnare
872 2741 935 2782 non
965 2721 1081 2798 ausina,

55 2829 135 2897 licet
170 2832 254 2917 apud
287 2831 411 2897 nnllam
437 2830 536 2896 alium
566 2837 750 2918 scriptorem
777 2833 913 2918 legatur.
956 2830 1083 2911 Certior

56 2941 162 3012 altera
190 2945 373 3012 Canauboni
408 2960 457 3012 cet
489 2945 667 3014 emendatio
695 2948 868 3033 οἶερσίνονν
894 2969 951 3034 pro
980 2944 1083 3031 ἀερσί-

54 3085 164 3129 πνονν
192 3063 277 3148 qund
303 3065 337 3127 iu
364 3060 458 3128 libris
484 3077 602 3132 exstat.
644 3066 699 3130 Sic
720 3067 805 3129 enim
824 3065 979 3148 Panyasis
999 3064 1084 3149 apud

54 3173 173 3245 Athen.
200 3177 252 3258 11,
280 3184 340 3258 36,
367 3177 400 3242 b.
429 3182 528 3247 detdic
554 3179 597 3266 μὴ
625 3179 750 3267 σ’ῧβρις
777 3180 825 3247 ἐνὶ
852 3180 947 3267 φρεσὶ
972 3175 1083 3261 θυμὸν
1111 3228 1114 3235 .

53 3289 166 3376 ἀέρσῃ,
186 3304 220 3355 et
238 3289 424 3380 ἄερσίφρων
443 3297 576 3363 exhibet
587 3301 693 3384 Etym.
707 3298 819 3383 Magn.
835 3293 956 3359 Contra
978 3289 1084 3375 dcccl
1189 3286 1191 3289 ’

55 3423 162 3472 πνουν
183 3409 260 3493 qnid
279 3409 341 3475 hec
360 3409 436 3477 loco
456 3412 521 3479 eibi
541 3415 640 3497 velit,
667 3418 727 3479 vix
749 3411 949 3496 intelligitur.
969 3444 1011 3457 -
1031 3407 1084 3471 Dc

41 3544 139 3588 πονο
165 3522 350 3607 vacuanda,
378 3529 460 3612 apud
484 3529 566 3594 alios
592 3527 840 3615 ταυρομόρφος,
872 3524 1084 3609 cognomenta

58 3638 178 3704 Bacchi
200 3642 411 3707 conferendus
431 3656 481 3707 est
501 3644 618 3711 Athen.
637 3646 688 3727 ΙΙ,
716 3651 776 3728 38,
805 3666 835 3708 e·
857 3641 929 3723 XI,
949 3644 1031 3720 476,
1052 3652 1090 3702 aa

60 3753 223 3836 Plutarch.
250 3756 290 3822 de
318 3757 405 3824 laide
432 3773 508 3827 tum.
534 3759 606 3843 IX,
635 3784 663 3828 c.
684 3766 743 3846 36,
770 3786 804 3849 p.
824 3765 895 3830 149.
920 3758 972 3826 66.
990 3755 1084 3821 nun.

63 3869 433 3942 SieOvidiueMctanu.
450 3875 512 3960 lv,
534 3883 591 3947 18:
654 3927 657 3932 -
744 3919 746 3923 ·
808 3893 819 3917 '·
906 3899 926 3915 ·¹
