2430 4290
146 130 198 204 ec

234 310 418 398 Omphalae
439 313 569 376 nemine
591 313 690 378 vitam
713 312 891 399 significari
906 313 1120 386 luxuriosam
1134 322 1187 387 dii·

144 428 362 517 iiuentemque
377 431 472 496 docet
485 429 589 496 schol.
604 429 699 495 Iliad.
713 452 747 512 π,
763 435 835 499 702.
860 432 1013 500 Erratath.
1030 443 1127 522 1082,
1141 446 1185 505 29.

144 544 259 648 lh'eque
280 548 410 614 diversa
432 547 473 613 ab
496 547 549 612 his
570 546 714 612 muribus
734 550 767 612 in
790 548 851 614 hac
866 548 977 615 fabula
992 553 1071 637 fuit,
1095 570 1186 643 atque

145 665 190 726 ita
212 666 310 729 etiam
332 664 493 731 Hercules
512 662 752 752 proponebatur
767 686 902 752 corpore
918 670 1050 753 quidem
1065 674 1184 758 ingenti

143 781 202 846 sed
223 782 332 846 anime
353 781 496 871 pusillo;
527 783 809 847 mansuetissimus
831 785 918 848 enim
948 798 981 850 et
1009 789 1182 872 ignavissi-

142 918 215 965 mus
236 900 400 965 serviebat
420 904 477 965 isti
498 898 734 981 mulierculae,
755 901 804 964 ita
825 912 860 965 ut
880 900 935 966 vel
957 919 1111 972 extrema
1132 930 1181 994 pa·

141 1030 275 1100 teretur,
299 1018 394 1081 modu
417 1019 542 1098 ventri,
564 1020 616 1083 cui
637 1030 725 1082 totus
746 1029 817 1083 erat
838 1019 966 1085 deditus
978 1068 989 1104 ‚
1013 1022 1181 1111 indulgere

140 1149 270 1220 posset3
292 1135 331 1199 de
353 1154 417 1219 quo
439 1133 525 1218 apud
547 1132 713 1201 Cratinum
735 1133 859 1222 legitur

301 1316 395 1372 πίνειν
412 1315 534 1386 μένοντα
550 1315 600 1372 τόν
616 1322 708 1383 καλῶς
725 1315 881 1390 ου’δαίμονα

301 1423 442 1487 κρεῖττον·
459 1417 547 1489 μάχαι
567 1414 703 1476 δ’άλλοισι
720 1424 769 1478 καί
789 1420 874 1478 πόνοι
889 1419 980 1491 μέλοι.

136 1592 179 1662 ci.
198 1593 318 1659 Athen.
339 1589 363 1659 1.
384 1588 410 1657 l.
451 1589 551 1655 Haud
576 1591 782 1656 mediocriter
803 1613 881 1658 vero
902 1605 1104 1678 spectatores
1125 1596 1175 1659 de·

136 1708 279 1777 lectuhat
299 1714 363 1777 iste
385 1706 545 1774 Herculea
566 1711 743 1773 voracitate
765 1730 825 1773 sua
846 1712 971 1793 majore
992 1709 1014 1798 ἢ
1034 1709 1103 1779 κατ’
1125 1710 1174 1779 όν

133 1832 288 1912 θρωπον,
311 1848 407 1914 quam
429 1839 545 1911 poetae
567 1825 696 1913 qualem
716 1807 965 1913 descripserint,
986 1839 1173 1915 argumento

133 1960 184 2008 est
205 1948 423 2030 fragmentum
444 1942 645 2027 Epicharmi,
670 1946 748 2007 item
767 1943 900 2010 Pindari
921 1946 962 2010 ci.
984 1945 1107 2012 Athen.
1128 1945 1172 2028 X,

131 2071 191 2126 411
216 2075 249 2126 et
268 2070 343 2127 412.
381 2058 552 2144 Reliquam
574 2058 706 2124 fabulae
732 2065 891 2127 rationem
913 2063 1065 2130 illustrat
1081 2065 1169 2129 locus

133 2180 267 2243 Luciani
295 2178 335 2242 da
360 2177 520 2244 conscrib.
548 2178 663 2244 histor.
690 2179 738 2258 ll,
766 2188 827 2262 10,
854 2204 887 2267 p.
906 2187 957 2247 15.
998 2180 1170 2265 ἑωρακέναι

129 2295 193 2382 γάρ
213 2292 280 2362 ποό
301 2309 337 2361 σε
357 2292 443 2370 είκός
464 2292 683 2379 γεγραμμένον
704 2293 776 2377 (τόν
792 2293 952 2382 Ἡρακλέα
972 2296 1113 2381 scilicet)
1133 2298 1168 2383 τῇ

122 2411 278 2499 Ὀμφάλη
306 2409 519 2492 δουλεύοντα,
555 2409 645 2478 πάνυ
675 2410 853 2481 άλλόκοτον
881 2411 1001 2500 σκευὴν
1025 2415 1169 2482 έσκευασ

128 2529 241 2615 μένον,
264 2528 389 2614 ἐκείνην
408 2528 468 2614 μέν
487 2526 548 2596 τόν
567 2528 681 2596 λέοντα
703 2529 805 2597 αὐτοῦ
825 2531 1097 2617 περιβεβλημένον
1116 2531 1169 2599 καί

126 2646 164 2716 τό
185 2645 284 2729 ξύλον
304 2646 341 2715 έν
359 2650 400 2735 τῇ
419 2647 500 2733 χειρί
520 2646 658 2732 ἔχουσαν
679 2646 723 2726 ὦς
738 2645 899 2737 Ἡρακλέα
923 2651 1026 2734 δῆθεν
1054 2639 1166 2728 odom,

125 2765 229 2835 αὐτόν
248 2767 284 2834 δέ
309 2765 346 2834 έν
365 2767 520 2853 κροκωτῷ
547 2765 602 2832 καὶ
628 2769 811 2852 πορφυρίδι
839 2765 908 2851 έρια
935 2766 1088 2845 ξαίνοντα
1114 2766 1167 2833 καὶ

124 2883 302 2969 παιόμενον
321 2882 387 2953 όπό
408 2888 466 2970 τῆς
481 2881 651 2969 Ὀμφάλης
670 2887 716 2969 τῷ
739 2881 898 2968 σανδάλῳ.
926 2882 981 2948 καί
1000 2881 1039 2948 τό
1060 2882 1166 2969 θέαμα

124 3005 289 3087 αἴσχιστον
308 2998 482 3086 ἀφεστῶσα
508 2998 529 3087 ἡ
550 2997 649 3086 ἐσθὴς
673 3003 734 3067 τοῦ
756 2997 903 3084 σώματος
927 2998 982 3064 καί
1003 2995 1049 3083 μὴ
1069 3012 1165 3082 προσ·

122 3116 297 3202 ιζάνουσαν
322 3116 378 3183 καὶ
403 3120 463 3183 τοῦ
491 3121 575 3183 θεοῦ
601 3117 638 3183 τό
649 3115 826 3217 ,ἀνδρῶδες
852 3113 1046 3200 ἀσχημόνως
1072 3140 1165 3183 κατα·

120 3231 356 3321 θηλυνόμενον.
384 3232 426 3299 cf.
453 3233 586 3298 deorum
614 3232 737 3320 dialog.
763 3233 839 3316 XI,
867 3254 919 3317 m,
947 3244 981 3296 et
1010 3231 1092 3316 XII,
1120 3254 1161 3298 m.

121 3350 255 3418 Terent.
268 3350 415 3420 Eunuch.
429 3350 474 3434 V,
496 3357 528 3433 8,
543 3360 573 3422 3.
587 3389 629 3401 —
646 3350 840 3419 Plutarchus
863 3372 905 3414 au
925 3353 997 3414 seni
1017 3349 1160 3438 respubl.

119 3470 163 3534 ait
184 3468 328 3553 gerenda
348 3494 419 3556 cap.
440 3478 474 3553 4,
497 3483 575 3534 tom.
596 3468 676 3551 XII,
698 3491 730 3555 p.
746 3475 806 3534 106
828 3468 879 3532 ed.
902 3466 996 3532 Hutt.
1018 3466 1040 3553 ἢ
1060 3465 1162 3536 καθά-

119 3606 178 3668 περ
206 3583 287 3651 ἔνιοι
306 3582 365 3652 τόν
380 3584 541 3673 Ἡρακλέα
567 3589 731 3669 παίζοντες
756 3584 819 3653 οὐκ
847 3575 883 3650 εὖ
908 3583 1098 3671 γράφουσιν
1126 3584 1160 3652 lu

115 3698 284 3787 Ὀμφάλης
310 3700 563 3790 κροκωτοφόρον
599 3702 766 3772 ἐνδιδόντα
793 3706 919 3781 Λυδαῖς
952 3704 1160 3787 θεραπαινίσι

117 3820 251 3904 ῥιπίζειν
276 3818 332 3885 καὶ
357 3821 570 3903 παραπλέκειν
597 3820 723 3889 ἑαυτόν.
753 3823 793 3886 ci.
821 3823 909 3886 idem
938 3822 1006 3885 vita
1035 3806 1158 3885 'l'hcsei

118 3958 146 4001 c.
167 3942 198 4006 9.
219 3976 261 3990 -
281 3937 430 4003 Lactant.
459 3935 520 4005 lib.
542 3939 577 4019 I,
605 3960 634 4002 c.
656 3945 694 4021 9,
717 3941 747 4003 7.
790 3934 901 4020 „Nam
922 3934 1006 4001 illud
1028 3938 1159 4025 quidem
