2430 4290
997 123 1051 197 45

113 297 170 360 Sio
193 293 463 378 wyttenbachius
496 318 514 361 e
541 299 612 363 cod.
640 297 742 362 Paris.
770 297 879 364 locum
910 305 1063 385 restituit,

61 415 86 476 ri
108 426 183 476 aute
205 433 278 477 eum
299 415 557 498 corruptissimus
576 412 764 499 legebatur:

151 575 270 648 ἐξῆλθον
285 573 363 648 ἡμῶν
380 578 428 634 καί
443 576 480 634 τά
497 576 575 649 ἡμῶν
590 576 757 648 conopoeum
773 577 915 653 elmericus
927 581 981 638 eol
997 582 1063 649 τοάς

606 674 685 748 iuria
699 708 734 720 ··

61 850 115 894 rao
145 828 272 892 frustra
294 825 464 898 Jacobsiu's
492 826 723 891 animadversa.
756 829 790 892 in
817 829 930 918 Eurip.
956 855 989 920 p.
1010 839 1061 904 58.

61 958 298 1015 attentaverat:
915 953 919 967 ”

166 1094 286 1182 ἐξῆλθον
303 1106 322 1183 ἦ
336 1107 391 1181 μάν
408 1129 438 1167 ιι
456 1112 506 1168 stol
522 1091 631 1182 τλήμων
647 1110 769 1198 τρόμος,
786 1131 812 1168 ιι.
828 1088 860 1168 τ.
872 1115 899 1168 λ.
920 1072 932 1101 '¹

61 1256 157 1325 rerba
186 1263 406 1349 inquit,suut
432 1264 566 1326 nutricis
594 1264 627 1326 in
655 1283 784 1349 scenam
813 1263 1001 1350 prodeuntis
1029 1279 1062 1331 et

61 1375 168 1462 ’ologo
188 1377 328 1445 fortasse
349 1381 492 1465 agentis:
522 1382 599 1445 novi
623 1381 804 1469 censenti
829 1382 959 1448 initium
985 1359 1062 1448 con·

61 1497 205 1559 ltuuut.“
364 1559 366 1564 .

535 1704 568 1763 2.

114 1842 277 1910 Plutarch.
286 1845 670 1930 comparatioAlcibiadis
684 1867 754 1910 oum
764 1843 940 1913 Coriolano
951 1855 1060 1935 cani.

64 1983 116 2059 m,
132 1960 177 2043 ll,
198 1984 230 2047 p,
250 1967 321 2041 111,
343 1962 392 2026 ed.
415 1962 509 2047 Hutt,
529 1961 571 2029 οὐ
597 1961 660 2048 γάρ
686 1962 962 2049 ἐκχφιλονειαείας
987 1960 1061 2028 oties

61 2080 193 2162 ιλιτικῆς
211 2073 314 2162 μάχης
334 2076 357 2164 ἢ
377 2075 508 2162 ἁμίλλης
528 2073 571 2155 ὥς
591 2078 728 2160 ἐκεῖνος,
749 2076 814 2146 ἀλλ’
839 2077 920 2164 ὀρχῇ
938 2076 1061 2163 χαριζό-

61 2220 145 2284 οιος,
164 2193 234 2279 παρ’
254 2183 293 2278 ἧς
313 2190 409 2260 οὐδὲν
430 2211 533 2280 φησιν,
549 2191 569 2278 ὁ
588 2197 681 2263 Δίαν
701 2193 876 2282 ἀπολαβεῖν
895 2192 997 2280 χάριν.
1027 2199 1061 2260 in

60 2313 149 2377 uibus
177 2311 264 2376 lonis
291 2333 419 2407 versum
452 2311 554 2377 lutere
586 2315 670 2391 vidit
697 2312 843 2399 Toupius
878 2332 988 2397 opusc.
1016 2310 1061 2392 ll,

91 2434 145 2495 85.
187 2428 220 2493 ls
247 2430 332 2492 enim
357 2431 404 2492 ita
434 2427 540 2492 locum
567 2433 718 2514 corrigit:
749 2426 831 2515 ὀρχῇ
856 2428 1061 2515 χαριζόμενος

61 2542 102 2631 ιρ’
123 2534 164 2630 ἧς
184 2542 302 2611 οὐδένα
322 2545 422 2630 φησὶν
442 2540 550 2611 ὁἺοιν
570 2543 743 2631 ἀπολαβεῖν
762 2544 871 2632 χάριν,
898 2562 993 2633 atque
1013 2549 1060 2610 ita

61 2668 103 2729 mi
125 2664 271 2728 vindicat
289 2663 513 2748 fragmentum,
534 2664 618 2748 quod
630 2665 713 2749 apud
727 2661 901 2728 Stobaeum
917 2667 966 2729 tit.
976 2661 1059 2742 XX,
1102 2639 1105 2647 .

87 2786 166 2862 172,
192 2801 245 2843 no.
274 2783 294 2842 6
324 2778 397 2860 περὶ
421 2774 519 2863 ὁρμῆς
547 2792 681 2844 exstans
710 2776 854 2842 Clericus
881 2780 1060 2862 assignavit

61 2899 221 2964 [euandro.
278 2880 407 2980 Toupio
436 2897 578 2959 assentit
597 2893 750 2975 Meineko
779 2893 819 2956 ad
847 2890 1059 2959 Menandrum

76 3015 154 3080 add.
167 3038 200 3100 p.
214 3017 288 3092 575,
309 3011 551 3091 dubitationem,
572 3031 666 3095 quam
680 3012 713 3073 iu
727 3009 840 3076 eodem
853 3006 937 3074 libro
950 3032 983 3095 p,
996 3015 1059 3079 246

61 3145 145 3197 »utra
165 3129 327 3214 'loupium
347 3139 502 3210 moverat,
523 3140 637 3212 sponte
656 3140 845 3195 retractans.
885 3127 1059 3212 Fragmen-

61 3273 97 3317 οι
118 3249 184 3315 hoo
203 3259 271 3312 est:
389 3329 392 3332 ξ

196 3401 227 3450 A.
245 3395 352 3467 ἐπίσχες
369 3391 550 3466 ὀργιζόμενος.
584 3396 615 3446 Β.
633 3385 704 3448 ittet
720 3391 871 3465 βούλομαι,

244 3494 337 3562 ον’δείς
353 3494 406 3567 γάρ
424 3492 508 3576 ὄρχῆς
523 3491 605 3564 χάριν
621 3487 781 3563 άπείληφεν,
798 3492 895 3564 πάτερ.

111 3649 287 3736 Eleganter
307 3661 342 3712 ut
363 3646 446 3712 solet
466 3648 565 3711 vertit
583 3643 662 3708 haec
683 3640 830 3708 Grotius:

61 3822 125 3875 l’at.
159 3821 235 3872 lnam
253 3817 409 3870 moderare.
441 3815 497 3866 Fil.
517 3813 608 3880 cupio,
630 3811 731 3880 quippe
752 3811 796 3865 ita
816 3816 859 3865 est
875 3785 964 3879 pater,

159 3921 212 3974 lra
223 3919 382 3988 indulgenti
397 3916 502 3972 nullam
519 3914 624 3970 referet
640 3912 771 3983 gratiam.
