2430 4290
1087 48 1136 123 at

591 228 623 287 a.

308 333 353 361 *2

164 340 203 409 ἐν
224 339 260 407 δὲ
282 362 322 425 τῃ
348 340 450 415 ίιονος
467 332 629 421 Ἀλκμήνῃ
660 331 679 402 ὁ
707 338 753 415 είς
772 338 833 425 τὴν
852 344 910 427 τῆς
928 346 1056 429 τροφῆς
1074 365 1133 413 πα.

72 455 244 545 Quamdiu
277 454 476 530 θνλιιιιίσκος
509 448 704 537 ὠνόμασται.
749 456 869 523 Pollux
897 458 952 542 X,
981 466 1044 537 ²³3
1075 462 1132 529 ubi

71 550 203 664 legitur
230 570 250 641 ὁ
275 574 322 651 είς
349 567 410 657 τὴν
443 572 501 656 τῆς
536 593 583 653 cp.
619 572 827 661 παρασκευὴν
864 567 915 662 ἦν
947 578 1131 665 θνλιικίσκη

73 690 181 778 ὥνόμ.
204 692 351 756 correxit
372 710 391 752 e
413 689 484 753 cod.
505 686 614 755 Beatl.
636 711 669 774 p.
692 694 742 756 54.

461 921 522 989 lll.
560 919 747 1006 Ἀργεῖοι.

159 1076 314 1162 ’Ἀργείων
337 1072 483 1140 fabulam
505 1084 635 1159 praeter
652 1074 765 1140 Ionem
783 1077 868 1163 apud
882 1074 1028 1143 Graecos
1049 1081 1129 1145 aori·

75 1198 145 1283 psit
163 1190 368 1276 Aeschylus,
393 1194 487 1276 eujus
509 1204 616 1255 tamen
637 1216 742 1279 pauca
764 1206 888 1258 tantum
909 1208 1043 1260 exstant
1063 1198 1128 1262 fra·

74 1284 223 1400 pretenta,
245 1312 293 1373 ita
314 1309 405 1373 atde
420 1319 611 1394 argumento
628 1307 801 1377 dubitetur.
833 1308 1020 1378 Boeclrhiua
1042 1316 1127 1378 enim

74 1434 111 1495 in
142 1426 250 1508 libro,
279 1446 373 1512 quem
397 1426 565 1511 inscripsit
587 1425 733 1490 Graecae
754 1427 942 1510 tragoediae
964 1430 1127 1514 principes

76 1570 106 1615 o.
135 1552 156 1612 3
187 1556 221 1608 et
250 1550 301 1608 10.
340 1542 534 1607 sententiam
562 1545 734 1629 proposuit
769 1542 871 1623 hanc,
902 1558 1129 1627 argumentum

75 1666 146 1731 τοῖν
169 1658 325 1745 Ἀργείων
345 1657 502 1741 Aeschyli
524 1680 589 1722 non
611 1659 773 1722 diversum
795 1678 868 1720 esse
891 1654 932 1721 ab
954 1680 1014 1740 eo,
1042 1661 1128 1747 quod

76 1774 265 1866 Sophoclea
294 1780 483 1841 tractaverit
518 1778 552 1839 in
586 1772 700 1839 fabula
728 1773 866 1859 Ἀχιιίων
895 1774 1059 1863 συλλόγῳ,
1093 1793 1127 1844 et

77 1916 250 1982 utramque
271 1890 419 1959 fabiolam
439 1892 543 1956 fuisse
565 1895 749 1976 satyricam.
793 1892 915 1956 Contra
942 1893 1025 1958 hanc
1054 1917 1127 1961 aen·

77 2016 218 2079 tentiam
230 2011 410 2095 disputavit
426 2007 625 2074 Welckerue
641 2014 673 2074 in
688 2008 790 2075 lilrro:
806 2008 1125 2094 Aeschylische'l'ri·

78 2130 175 2216 logie
203 2152 236 2214 p.
256 2130 318 2193 3⁷2
340 2139 373 2189 ct
393 2131 467 2208 377,
496 2125 655 2210 Aeschyli
683 2127 767 2191 hanc
796 2124 943 2192 fabulam
974 2127 1127 2214 trilogiae

75 2250 146 2315 τῶν
164 2241 346 2327 Ἐπιγόνων
366 2242 469 2307 fuisso
490 2245 699 2309 contendens.
739 2240 961 2327 Quodcunque
982 2242 1128 2329 Aeschy-

75 2364 154 2429 leae
176 2358 309 2426 fabulae
331 2371 556 2444 argumentum
576 2360 651 2442 fuit,
672 2360 888 2444 fragmentum
910 2382 1019 2440 unum,
1042 2364 1128 2448 qaod

77 2503 125 2545 ex
139 2477 230 2543 lonis
243 2474 358 2541 fabula
377 2475 541 2559 laudatur,
561 2499 625 2541 non
646 2499 792 2562 possum,
816 2482 892 2565 quin
914 2499 960 2542 ex
982 2479 1126 2543 dramate

76 2597 223 2680 satyrico
245 2596 354 2679 potius
376 2615 473 2678 qrrarn
495 2615 513 2658 e
535 2596 704 2679 tragoedia
726 2608 888 2678 surreptum
911 2615 983 2658 ease
1000 2608 1124 2679 putem3

77 2732 278 2801 quamquam
299 2710 339 2773 de
361 2708 478 2775 haere
499 2710 662 2776 lubricum
683 2722 733 2774 est
749 2712 897 2794 judicare
914 2729 959 2773 ex
975 2730 1038 2772 uuo
1058 2722 1128 2776 taa-

78 2845 151 2896 tum
173 2829 356 2914 fragmento
380 2848 483 2912 eoque
506 2840 669 2912 corrupto.

591 3013 622 3071 l·

157 3126 235 3195 Ἴων
250 3126 408 3213 Ἀργείοις
427 3120 495 3207 „oie
518 3119 659 3189 παλαιὸν
681 3119 891 3212 ιἰιιίσσοιρον.“
912 3127 999 3193 θέλει
1020 3127 1055 3192 δὲ
1082 3125 1129 3194 λέ-

78 3271 151 3333 γειν
174 3243 225 3311 ὅτι
253 3242 408 3330 ἄχρησιοί
435 3245 496 3308 εἰσι
521 3238 576 3305 διὰ
603 3236 641 3305 ad
668 3245 777 3328 γῆρας.
799 3242 943 3326 Hesyoh.
964 3266 996 3307 v.
1018 3238 1130 3327 σάρον.

79 3366 147 3428 llio
169 3360 262 3428 locus
284 3359 429 3444 Bentleji
458 3378 593 3423 acumen
620 3357 724 3442 lugit3
753 3358 969 3444 Spanhemiuc
990 3359 1032 3422 ad
1054 3358 1132 3424 Cal·

80 3480 264 3545 limachum
284 3483 359 3559 225,
381 3500 415 3562 p.
436 3479 510 3540 455.
533 3472 695 3541 tentabat:
717 3474 774 3557 ίίγε
794 3474 847 3539 vel
868 3471 944 3558 ίίγες
963 3497 1022 3561 pro
1043 3472 1130 3553 ίίιιιςς

81 3594 358 3663 llernaterhuaius
380 3595 421 3658 ad
445 3594 584 3657 Lueiau.
605 3613 638 3676 p.
656 3594 727 3654 145.
751 3586 845 3673 ἄγεις.
867 3593 1131 3678 ingeniosissime
1171 3628 1176 3635 -

82 3712 240 3800 'l'oupiua
262 3728 375 3797 opusc.
397 3708 442 3791 11,
464 3714 521 3775 68:

368 3855 407 3923 οἱς
423 3853 549 3915 catardo
569 3856 661 3923 οἰκίας
680 3853 782 3929 σάρον.
