2430 4290
175 495 352 563 Praeterea
372 499 437 564 duo
457 500 609 564 videniur
624 521 697 565 osse
712 500 883 580 ruoueudu,
902 502 1140 589 primumquod

86 616 185 699 opico
208 615 278 677 sivo
298 613 477 682 Homerico
498 615 601 681 verbo
623 639 702 683 usus
734 632 785 682 est
811 615 993 703 κελαρύζειν
1002 620 1055 699 *);
1082 619 1138 685 dc·

86 734 170 795 inde
193 732 280 818 quod
293 754 344 815 ou,
365 756 461 820 ριιοιιι
475 756 575 822 supra
589 733 771 801 describere
786 748 921 800 conetur
942 758 1026 818 sum,
1048 734 1138 802 louis

83 849 219 916 indoles
240 848 295 916 vel
317 871 362 915 ex
383 850 474 915 hisce
495 852 633 935 duobus,
655 850 791 917 uchoro
807 855 861 939 qui
878 855 1137 939 pronuntientur,

85 967 241 1034 versibus
267 968 504 1055 quodammodo
533 982 688 1056 apparet,
723 971 757 1035 in
791 969 883 1036 uullo
919 974 1005 1036 enim
1031 991 1136 1057 noque

85 1083 248 1171 Aeschyli
269 1106 374 1172 neque
395 1085 580 1173 Sophoclis,
605 1107 709 1172 neque
731 1092 830 1155 olium
851 1088 1014 1176 Euripidis
1035 1087 1134 1155 choro

86 1203 189 1269 telem
210 1202 321 1269 lucum
341 1204 541 1291 deprehendi
562 1224 691 1270 censeo.

595 1343 626 1400 2.

173 1451 358 1536 Hesychius
384 1476 417 1518 v.
444 1448 535 1538 ίὴϊος.
563 1488 606 1499 -
638 1449 800 1519 ἀλλὰκαὶ
829 1454 959 1537 θρῆνον
985 1452 1132 1537 σημαίνει

85 1567 132 1649 ὦς
155 1573 333 1656 Σοφοκλῆς
355 1570 481 1655 Τροίλῳ
507 1568 562 1635 καὶ
581 1565 658 1634 Ἴων
679 1566 894 1651 Εὐρυτίδαις,
923 1564 968 1644 uls
993 1570 1130 1649 odhvoo,

83 1685 228 1771 ἰάλεμος.
273 1684 473 1769 Εὐρυτίδαις
507 1686 653 1749 correxit
682 1684 789 1750 Bentl.
824 1709 857 1772 p.
885 1691 942 1763 603
977 1687 1011 1749 iu
1037 1683 1131 1751 libris

84 1808 175 1870 enirn
194 1803 316 1889 legitur
332 1799 521 1885 Ἐρυτίδαις.
542 1839 584 1850 -
614 1802 655 1866 de
685 1826 766 1868 voce
795 1800 879 1889 ίὴϊος
905 1802 947 1868 cf.
975 1799 1129 1888 Sophocl.

83 1924 208 2009 Oedip.
228 1920 373 2005 Tyruun.
395 1942 427 1983 v.
451 1926 523 1984 174.
545 1931 578 1983 et
598 1919 748 1985 Eustath.
771 1926 846 2002 500,
867 1929 920 1989 43.
943 1923 1036 2001 1020,
1056 1922 1108 1985 23.

592 2059 624 2119 3.

168 2168 313 2254 llesych.
334 2192 365 2233 v.
382 2165 575 2252 ὐθίκτορας,
598 2165 790 2253 οίνειιάφους
808 2168 1009 2253 παρθένους,
1031 2167 1129 2237 ἀνάν-

81 2291 201 2373 δρους,
231 2281 304 2353 οἷον
330 2282 525 2368 Εὐρύτιδες,·
557 2307 651 2371 queru
678 2282 786 2351 locum
813 2286 921 2352 Beull.
949 2311 983 2374 p.
1002 2293 1054 2355 00.
1081 2288 1130 2351 itu

82 2406 248 2468 correxit:
275 2400 435 2478 ἀθίκτους
461 2398 578 2484 κόρας,
607 2399 800 2488 ὐνειιάφους
824 2402 1019 2487 παρθένους.
1052 2400 1130 2469 Ἴων

79 2519 291 2605 Εὐρυτίδαις.
333 2520 456 2584 Eadem
485 2520 606 2582 omisso
629 2522 798 2604 scriptoris
826 2525 956 2587 uoruiue
977 2520 1130 2607 leguntur

81 2640 173 2725 opud
193 2634 335 2720 Etymol.
357 2632 462 2700 M.'ot
483 2636 658 2703 Phuvoriu.
684 2659 716 2701 v.
738 2634 882 2715 didimus.

594 2780 627 2837 4.

168 2883 315 2968 Hesych.
344 2906 376 2947 r.
402 2881 541 2968 κυδρός,
575 2883 720 2963 ἔνδοξος,
755 2882 810 2947 καὶ
836 2879 877 2946 τὰ
906 2878 1018 2966 ὅμοια,
1051 2903 1129 2967 ναυ-

79 3005 167 3090 ριῶν
186 3002 404 3067 κεκοιθῶν...
425 2999 614 3087 Εὐρύτιδες.
635 2997 742 3065 Bentl.
762 3020 796 3084 p.
817 3004 860 3063 04
881 3001 1131 3087 corrigit:--

78 3115 261 3195 πεποιθώς.
285 3114 364 3185 Ἴων
384 3117 591 3203 Εὐρυτίδαις.

470 3318 515 3384 V.
557 3316 752 3404 Λαέρτης.

168 3450 223 3515 Do
245 3461 437 3535 argumento
458 3449 557 3535 hujus
579 3450 712 3516 fabulae
737 3450 849 3512 nescio
877 3447 953 3531 quid
980 3457 1132 3530 statuum,

80 3570 152 3634 nisi
169 3566 256 3632 forte
277 3568 312 3629 in
335 3586 374 3628 eu
399 3566 561 3652 descripto
590 3569 652 3632 luit
680 3578 843 3652 postremo
871 3565 1001 3628 Laertie
1029 3576 1134 3646 uetus,

81 3705 186 3773 quum
209 3683 389 3748 secuudum
405 3681 585 3749 Homerum
605 3703 754 3748 moerens
774 3684 809 3746 iu
832 3703 911 3766 agro
932 3685 1033 3770 degit.
1054 3683 1082 3747 F
1083 3705 1136 3747 or·

79 3802 300 3819 “nnn——

120 3855 151 3919 *)
180 3845 330 3917 κείαρύζεν
352 3850 382 3901 in
404 3850 548 3918 Aristoph.
566 3852 637 3903 Rau.
654 3849 705 3903 005
728 3851 847 3917 praebet
872 3851 964 3905 codex
988 3849 1136 3901 Ruvcuuue

161 3937 234 3989 item
250 3935 341 4005 Borg.
359 3948 411 4003 pro
428 3933 547 4005 vulgato
564 3934 686 4006 κελαδεῖ,
704 3934 871 3990 adversatur
886 3950 955 3990 vero
971 3938 1073 3985 metro.
