2430 4290
84 96 136 174 tt

86 275 206 363 φοίτνν
219 272 335 359 ἀοτίροτ
349 275 435 359 μῆνα
448 272 509 358 μὲν
529 271 640 340 ἀελίου
654 274 894 360 λεντονττίρυμα
908 276 1104 362 τροδρομονί

86 414 116 459 st.
136 414 162 457 τ.
183 396 210 458 λ
253 390 413 454 Carminis
442 389 538 476 hujus
566 391 759 476 principium
779 390 957 478 Bentlejus
978 393 1020 456 ad
1040 388 1103 455 Mill·

88 529 121 596 p.
143 511 194 576 53.
215 510 264 572 sic
284 529 355 572 esse
377 506 598 592 corrigendum
619 507 714 571 dicit:

413 633 501 693 Ἀοῖον
517 635 716 710 ἀμεροφοίτοιν.

411 733 520 808 hortea
536 740 676 809 μείναμεν,
697 733 793 793 ἀελίου
862 799 865 806 s

411 835 624 909 Αενκοτττέρνμοι
644 835 815 908 πρόδρομον.

90 972 125 1035 1ο
146 969 261 1058 quihus
282 970 378 1057 plena
399 975 612 1059 interpunctio
640 986 715 1058 post
744 966 880 1057 ἀμεροφ.
909 973 1022 1055 posita
1049 995 1101 1061 op¹

91 1108 199 1152 rarum
228 1089 395 1151 socordiae
426 1090 554 1153 videtur
587 1086 753 1151 tribuenda
787 1109 876 1168 esse,
912 1070 1107 1183 mutatiouad

91 1220 169 1264 vcro
190 1199 282 1266 illam
302 1197 520 1287 ἀμεροφοίταν
534 1205 652 1266 nemini
671 1201 802 1287 probari
823 1193 966 1267 confido.
989 1207 1032 1269 cl.
1047 1205 1107 1279 B&-

91 1317 209 1380 nardus
237 1320 270 1380 in
298 1319 392 1401 epist.
414 1318 454 1382 ad
474 1316 581 1385 Bentl.
600 1340 634 1403 p.
656 1324 716 1382 too
742 1319 818 1382 edit.
837 1318 1002 1384 Friedem.
1099 1355 1109 1368 ·

91 1429 158 1498 lam
184 1435 268 1498 enim
298 1435 444 1521 equidem
472 1435 566 1499 video
603 1455 751 1514 causam,
785 1455 842 1497 cur
875 1436 924 1502 ita
959 1434 1018 1523 leg
1088 1431 1109 1509 '3

90 1548 189 1612 immo
220 1547 355 1615 alterum
383 1549 484 1615 multo
512 1564 672 1638 praestat,
703 1551 891 1635 praesertim
922 1571 997 1636 cum
1019 1553 1035 1644 ᾗ
1078 1569 1109 1612 eo

92 1661 323 1750 Aristophanes
344 1687 570 1752 permagnam
592 1662 721 1731 fabulae
742 1675 864 1751 partem
893 1685 991 1728 verse
1022 1738 1025 1743 ,
1084 1674 1111 1726 ut

92 1778 395 1862 dithyrambicorum
416 1779 649 1876 ἀεροδονήτους
667 1777 722 1847 καὶ
741 1775 943 1864 νιφοβόλους
963 1779 1019 1875 ἀν,
1065 1776 1111 1854 lde
1137 1819 1141 1831 ·

91 1895 196 1958 rideat
215 1919 253 1960 ac
274 1899 478 1983 perstringat.
519 1896 633 1982 Neque
663 1915 740 1960 usus
767 1894 864 1980 hujus
886 1900 980 1961 vocis
998 1962 1004 1971 ,
1042 1897 1111 1962 tin·

93 2008 276 2089 sollemnis,
307 2010 491 2097 ἠεροφοῖτις
515 2012 641 2095 ἐρίννυς
668 2009 786 2095 legitur
814 2011 898 2096 apud
919 2008 996 2078 Ho¹
1069 2057 1077 2075 .

94 2127 172 2199 mm
192 2149 228 2205 τ,
251 2131 308 2202 87;
337 2125 527 2212 ἀεροφοίτος
546 2112 635 2192 κείων
656 2126 695 2189 dc
716 2126 824 2214 aquila
845 2129 916 2213 ipsc
940 2110 997 2241 div
1014 2138 1030 2190 t
1047 2125 1111 2190 Ari·

94 2239 199 2324 stoph.
221 2240 301 2310 llan.
328 2263 360 2312 v.
383 2248 482 2324 1326,
511 2244 648 2329 forsitan¹
673 2239 786 2307 ludens
814 2246 849 2307 in
876 2242 938 2307 hac
964 2234 1057 2319 iaec.
1079 2272 1112 2288 -

92 2351 228 2440 Reliqua
249 2356 340 2422 alius
368 2355 434 2422 alio
461 2358 556 2422 modo
584 2358 735 2422 restituit.
756 2344 1021 2451 Valkcnaergflad
1039 2355 1113 2440 Hip·

92 2468 192 2554 polyt.
214 2477 253 2537 78
277 2474 416 2556 conjecit
435 2471 539 2557 ἀστέρ’
560 2470 715 2557 ἀείδομεν.
740 2473 879 2537 Leviora
893 2446 1120 2544 claholte'l'ou·¹

14 2603 18 2630 t
53 2652 54 2657 ,
93 2587 164 2670 pias
193 2608 303 2674 opusc.
330 2586 380 2669 ll,
407 2610 440 2672 p.
467 2591 506 2654 85
541 2589 670 2673 scripsit
693 2587 849 2673 μείνωμεν
874 2576 935 2675 prc'
962 2587 1113 2673 μείνομεν·

92 2699 191 2769 Recto
211 2700 350 2794 quidem,
372 2701 473 2767 multo
489 2705 574 2767 cuim
590 2716 733 2789 praestat
753 2676 976 2789 conjunctirds
997 2705 1053 2790 qni
1071 2714 1137 2798 est¹

92 2819 310 2912 adhortantis,
342 2841 434 2907 quam
455 2819 647 2884 indicativus
668 2821 780 2883 aoristi
800 2821 854 2905 qui
874 2820 925 2884 est
945 2821 1114 2900 nutantis,

92 2936 125 2998 iu
153 2942 294 3004 carmine
321 2935 445 3002 scilicet
471 2932 584 3018 lyrico.
624 2931 711 2998 lllud
738 2955 813 3000 vcro
841 2936 986 3001 maxima
1007 2937 1115 3002 mirum

91 3052 194 3115 videri
222 3042 334 3134 de'het,
363 3051 447 3137 quod
473 3059 600 3135 practer
625 3048 786 3137 'l'oupium
805 3072 916 3120 omnes
937 3068 1116 3140 corruptam

92 3167 210 3233 Suidae
223 3166 393 3232 lectionem
404 3164 639 3251 λευκοπτέρνγα
652 3181 850 3253 receperunt,
872 3159 983 3236 ἀελίου
1005 3169 1115 3255 clodiae

90 3306 204 3372 nempe
227 3283 482 3368 conjungendum
504 3281 667 3369 solemque
687 3281 931 3369 intelligendum
959 3309 1035 3353 esse
1063 3309 1117 3374 pu·

90 3399 212 3464 tabant.
255 3398 360 3477 Quam
381 3399 508 3485 quidem
529 3402 721 3464 sententiam
742 3398 832 3465 nulla
851 3399 918 3467 alia
938 3426 974 3468 rc
996 3416 1116 3469 susten·

89 3518 151 3580 tari
181 3517 295 3598 video,
327 3518 392 3608 nisi
420 3514 505 3600 quod
531 3517 578 3580 ita
606 3516 774 3582 cumulatis
803 3517 955 3604 epithetis
983 3531 1115 3604 augetur

88 3628 342 3714 dithyrambicus
365 3646 478 3698 tumor.
509 3633 573 3697 Sed
595 3632 788 3699 scholiastae
809 3637 1036 3700 auctoritatem
1056 3653 1116 3698 nou

86 3761 207 3814 temere
237 3748 445 3831 spernendam
475 3769 559 3813 esse
574 3768 703 3840 censeo,
720 3754 908 3835 praesertim
945 3773 1018 3817 cum
1047 3755 1115 3838 ipsa

25 3888 30 3900 ¹
87 3864 271 3934 sentcntiae
297 3865 381 3929 ratio
407 3885 481 3939 *earn
508 3866 590 3929 tueri
611 3865 767 3931 videatur.
807 3867 917 3937 Locus
938 3867 1115 3935 caim-Ari·
