2430 4290
85 104 133 176 18

88 282 316 368 reportaverit,
335 282 399 345 nisi
419 278 506 367 quod
520 277 633 343 Schol.
647 278 816 365 Aristoph.
837 276 862 344 l.
880 278 905 345 l.
919 278 1049 347 Athen.
1070 282 1096 359 1,
1108 290 1132 349 ³.

89 398 241 467 Eustath.
266 400 365 479 1454,
386 404 429 461 24
449 409 482 460 et
504 395 624 461 Suidas
650 418 682 461 v.
697 393 874 481 Ἀθηναῖος
894 418 972 462 eum
994 397 1135 464 scribunt

92 516 231 584 Athenis
259 513 358 579 simul
388 513 593 597 dithyramho
624 524 657 575 et
684 514 852 599 tragoedia
881 529 1069 583 certantem
1095 520 1136 583 vi·

94 637 198 714 cisse,
225 645 258 696 et
277 631 365 719 quod
386 629 428 694 ab
448 630 623 717 Euripide,
646 652 718 694 cum
739 630 953 717 Hippolytum
975 634 1092 701 ederet
1109 646 1136 697 et

91 750 263 837 lophonte‚
285 746 460 833 Sophoclis
481 747 553 812 filio
579 750 701 813 victum
729 763 762 813 et
788 747 829 816 ccl
857 756 986 835 τριταῖοι
1018 765 1136 817 tantum

93 880 223 935 nactum
237 887 310 932 esse
332 868 453 931 sciruus
468 886 513 928 ex
533 878 725 952 argumento
742 864 916 953 Hippolyti
930 870 1135 961 Euripidem.

447 1113 475 1182 l.
512 1113 783 1202 Ἀγαμέμνων.

176 1283 412 1370 Argumentum
441 1282 540 1367 hujus
575 1284 764 1368 tragoediae
792 1301 942 1352 versatur
971 1287 1008 1351 in
1038 1286 1136 1352 reditu

96 1424 136 1467 ac
163 1402 263 1468 caede
292 1400 547 1485 Agamemnonis
577 1412 674 1486 atque
708 1403 755 1468 ita
790 1404 860 1468 fere
892 1405 1091 1489 dispositum
1119 1424 1137 1467 a

85 1498 195 1607 'poeta
222 1519 351 1584 videtur
384 1519 504 1582 fuisse:
547 1515 585 1581 lu
619 1521 724 1604 prima
752 1518 884 1584 fabulae
913 1534 1009 1607 parte
1040 1518 1137 1587 oculis

84 1630 313 1725 'spectatorum
341 1636 533 1721 proponitur
553 1633 734 1719 Aegisthus
762 1658 835 1702 cum
863 1660 972 1705 uxore
992 1638 1138 1705 adultera

97 1754 236 1842 superbo
260 1766 357 1840 atquo
378 1755 486 1817 auimo
514 1753 687 1838 impotenti
706 1752 804 1840 Argis
830 1757 1006 1840 imperans.
1050 1757 1137 1821 Post·

96 1872 193 1960 quam
214 1894 293 1937 vero
315 1872 355 1935 de
377 1883 473 1958 capta
493 1868 595 1953 Troja
617 1868 737 1934 allatus
761 1887 812 1937 est
833 1877 987 1957 nuntius,
1022 1896 1065 1940 ne
1090 1896 1136 1938 re·

97 1993 173 2057 (leat
198 2009 385 2077 poenasque
418 2008 552 2052 severas
579 2001 687 2051 sumat
714 1987 958 2075 Agamemnon,
991 2005 1136 2056 ructuant

96 2106 336 2191 clytemnestra
363 2103 530 2169 mittitad
556 2101 649 2168 littus
677 2109 796 2190 maris,
830 2111 886 2194 qui
922 2108 963 2172 de
998 2099 1134 2175 adventu

96 2222 352 2311 Agamemnonis
373 2240 469 2307 quam
490 2222 628 2305 primum
648 2225 819 2290 certiorem
839 2245 876 2290 so
897 2226 1009 2293 faciat.
1053 2225 1136 2293 Reli·

97 2365 162 2430 qua
183 2361 225 2406 ex
246 2334 412 2422 Aeschylo
432 2348 511 2402 nota
530 2352 616 2404 aunt.

605 2528 635 2589 l.

262 2640 333 2697 οἴσει
351 2636 382 2694 δὲ
400 2640 493 2707 δοῖρον
511 2635 593 2707 ἄξιον
611 2637 793 2710 δραμήματος

260 2741 374 2811 ἔκπωμα
392 2738 571 2797 δακτυλωτὸν
587 2738 728 2811 ἄχραντον
744 2743 830 2810 aopi,

258 2845 364 2902 Helico
380 2837 439 2913 μέν’
456 2832 558 2915 ἆθλον,
581 2842 728 2913 Κάστορος
746 2837 863 2912 δ’ἔργον
878 2845 988 2901 ποδοῖν.

809 2944 911 2998 Athen.
928 2948 980 3011 xl,
997 2947 1060 3015 468,
1078 2966 1103 3005 c.

177 3079 291 3147 Verba
310 3081 461 3147 videntur
478 3102 551 3146 esse
564 3077 834 3163 Clytemnestrae,
857 3082 909 3144 cui
930 3079 1060 3149 scilicet
1075 3084 1134 3148 Ca·

95 3203 193 3268 storia
213 3197 298 3263 illud
318 3196 448 3282 ἔκπωμα
469 3196 582 3262 heredi
604 3209 765 3278 cesserat,
788 3197 829 3261 ad
860 3201 1008 3264 nuntium
1028 3197 1134 3283 illum,

96 3342 117 3405 q
134 3316 426 3403 uiAgamemnonis
448 3315 623 3380 adventum
643 3311 818 3400 explorare
835 3314 982 3398 jubetur.

176 3436 255 3501 cloec
272 3435 447 3500 secundam
463 3454 535 3498 este
549 3454 721 3519 personam
735 3445 845 3497 monet
859 3432 1008 3519 Toupius
1022 3456 1132 3521 opusc.

90 3551 136 3635 ll,
156 3574 189 3637 p.
211 3556 252 3616 86
280 3565 394 3617 contra
414 3549 642 3617 Casaubouum
664 3562 698 3616 et
718 3547 978 3638 Daleoampium.
1000 3588 1042 3603 -
1068 3552 1133 3618 lta·

89 3672 209 3736 riorem
238 3668 376 3733 formam
404 3666 557 3755 δράμημα
587 3681 694 3734 tuetur
724 3668 913 3734 Loheolrius
940 3669 983 3734 ad
1009 3668 1130 3755 Phryn.

89 3811 123 3875 p.
151 3789 226 3850 618.
268 3783 440 3871 Sequentia
466 3785 641 3868 uersiculi,
676 3810 770 3873 quem
800 3786 907 3854 solum
936 3786 1131 3851 Eustathiue

60 3890 64 3897 ’
86 3926 119 3990 p.
141 3908 238 3983 1300,
261 3906 280 3969 5
302 3899 431 3986 laudat,
454 3907 562 3975 variae
582 3909 869 3994 grarumatioorum
888 3906 1049 3992 Epigenis
1068 3903 1130 3989 Di·
