2430 4290
92 176 176 255 ppo
381 176 410 235 ιι

101 354 235 442 sophica
255 352 344 420 Ionis
363 351 509 428 doctrina
529 351 600 413 erui
619 347 674 412 vel
695 351 802 434 potius
817 349 967 423 divinari·
983 358 1112 432 possunt,

101 473 162 538 le
182 469 224 536 nd
244 486 398 534 rnrnmarn
412 469 485 550 ejus
497 463 740 552 intelligendam
754 462 927 537 sufficiunt.
959 463 1112 528 Hoccsrtc
1143 546 1146 551 Ι

102 585 307 655 maritarum
328 592 403 673 ,mr
430 564 504 645 tria*
520 581 632 652 Ionem
657 581 811 651 statuisse
832 601 946 647 rernm-
960 579 1112 656 elemento,

3 744 19 783 ,-
103 705 230 789 ignem
266 711 401 778 terram,
435 708 470 760 et
502 717 630 778 aerem„
664 697 706 763 ad
723 719 817 784 ,qnae
844 697 987 770 dnhitari
1013 705 1110 781 potest,

103 809 368 905 quemadmodum
393 813 563 881 referenda
587 814 633 881 sit
659 811 719 879 illa
745 815 822 884 trias
855 809 991 905 σύνισις,
1011 806 1112 895 apricos
1159 858 1162 911 3

103 932 159 1000 sal
183 927 283 1017 τύχηι
312 934 395 996 sicut
420 933 505 1003 enim
526 926 738 1014 Empedocles
759 929 853 1016 φιλίᾳ
870 927 926 995 καὶ
944 925 1112 1014 columelli
1160 920 1162 984 l

104 1048 193 1119 velut
214 1048 387 1121 atomiatici
405 1043 503 1131 crim,
516 1113 519 1117 ,
531 1044 718 1113 Heraclitus
744 1043 997 1130 slpoppivp=vel
1016 1047 1113 1117 iterun

95 1163 199 1253 ’φιλίᾳ
217 1164 278 1233 scl-
290 1161 387 1232 νείκει
404 1161 564 1229 elementa
585 1163 739 1247 conjungi
754 1160 806 1229 vel
820 1163 1113 1240 dissociaridooonl,

105 1283 153 1347 ita
174 1279 323 1365 cogitatis
343 1276 411 1343 illis
433 1275 557 1345 συνέσει
575 1273 685 1363 κράτει
703 1274 948 1363 ttclcr'rxptria
962 1276 1116 1345 elementa

105 1399 177 1484 regi
197 1399 293 1482 inque
314 1417 411 1462 onum
433 1398 506 1482 cogi
526 1395 631 1480 possit
652 1395 752 1460 videri
774 1414 846 1461 ease
860 1396 1023 1459 sententia
1035 1392 1116 1458 lonis·
1148 1459 1152 1469 ,

106 1513 219 1583 Αἰίῑιι
239 1534 373 1580 censeas
393 1532 490 1588 caver
518 1514 616 1579 immo
641 1511 702 1581 hnc
722 1532 833 1577 verum
854 1531 927 1579 ome
948 1523 1047 1596 puta:
1065 1508 1119 1575 lon

106 1627 226 1700 librum
251 1650 362 1709 snum,
390 1650 484 1717 qoem
503 1631 631 1714 poetico
646 1629 760 1714 potius
779 1639 921 1709 tumore,
933 1695 935 1698 ,
949 1649 1047 1714 qnam
1064 1625 1121 1714 ph·

108 1748 193 1815 aida
208 1758 243 1811 'et
269 1744 443 1832 tranquilla
470 1746 702 1830 disceptatione
721 1746 943 1830 conscriptum.
956 1746 1060 1811 luisse
1079 1765 1123 1830 ap

103 1876 216 1950 paret,
237 1862 367 1940 sublimi
379 1859 538 1948 plenoque
553 1859 756 1931 nreinehnat
769 1861 872 1948 triade
886 1881 980 1927 snam
994 1861 1124 1953 celebra·

109 1990 325 2067 terassonam
345 2001 407 2048 aon
429 1978 534 2044 solum
553 1979 587 2043 in
608 1999 714 2043 rernm
734 1976 921 2060 elementis,
941 1998 1124 2066 quamquam

108 2092 364 2160 hoc'maximum
380 2108 440 2176 est,
462 2095 566 2161 sedin
585 2093 734 2159 omnibns
752 2093 850 2159 rehns
868 2105 1125 2184 apparerentque

108 2208 218 2274 valere
232 2211 322 2276 dicit.
342 2209 494 2294 „initium
505 2256 518 2291 ,
529 2212 652 2296 inquit,
662 2209 742 2276 mihi
757 2214 801 2275 sit
818 2215 994 2280 sermonis:
1017 2213 1125 2280 Omnia

110 2328 192 2408 tria,
226 2347 328 2414 aeque
361 2323 435 2413 plns
472 2328 642 2412 quidquam
669 2348 772 2412 neque
800 2331 906 2394 minus
932 2327 987 2392 his
1015 2330 1125 2418 tribm;

109 2443 360 2531 uniuscujusque
378 2446 481 2508 virtus
502 2446 591 2524 trias,
612 2443 828 2529 intelligentia
848 2447 899 2508 vis
918 2466 956 2508 ac
971 2445 1125 2512 lortnnr..“

109 2555 201 2623 Sicut
222 2561 304 2622 enim
325 2558 537 2644 Pythagoreei
559 2581 670 2624 omnes
690 2581 742 2624 res
764 2582 836 2623 esse
864 2582 1032 2627 numerum
1062 2585 1125 2629 eor·

1 2739 2 2744 ,
109 2672 295 2758 tendebant,
317 2674 417 2741 simili
436 2675 504 2739 fere
525 2676 620 2741 modo
641 2676 699 2740 lon
721 2697 886 2742 numerum
901 2663 1083 2744 [ternarium
1103 2683 1127 2743 in
1157 2749 1159 2752 ,

14 2768 20 2777 .
108 2792 256 2858 omnibns
275 2792 468 2878 deprehendi
489 2793 583 2858 etad
604 2805 748 2858 naturam
770 2816 881 2872 eorum
893 2798 1059 2880 pertinere
1080 2798 1128 2860 do·

108 2919 170 2973 cet.
212 2906 317 2985 Quam
337 2910 440 2975 triade
460 2911 494 2973 in
515 2909 577 2973 hoc
596 2905 682 2973 libro
706 2914 861 2995 ιριαγμοῦ
887 2933 959 2975 cum
993 2913 1128 2998 explica·

108 3035 175 3104 ret,
201 3023 242 3088 de
266 3023 409 3109 physicis
430 3027 567 3092 enimin
592 3022 676 3089 libro
698 3029 752 3111 qui
771 3027 1003 3113 κοσμολογιιιός
1021 3031 1128 3096 inscri-

109 3139 195 3206 bitur
215 3142 454 3226 disputaverat,
483 3164 546 3207 non
566 3143 672 3227 potnit
688 3145 770 3228 quia
791 3147 987 3211 mentionem
1013 3149 1128 3213 laceret

107 3258 320 3345 Pythagorae,
339 3257 505 3331 &latrinae
527 3271 611 3324 suae‘
623 3247 778 3341 hectoris,
802 3272 835 3324 et
855 3265 1049 3348 sapientiam
1063 3269 1128 3350 ejm

108 3375 317 3441 collaudaret.
363 3356 477 3460 Iffique
505 3396 568 3442 non
597 3388 663 3458 est,
691 3398 747 3442 cur
774 3378 962 3445 haereamus
991 3368 1128 3446 in'locis

106 3490 168 3570 iis,
197 3511 275 3576 quos
303 3488 433 3556 laudavi
456 3490 615 3579 Diogenis
634 3492 743 3562 Laert.
768 3510 801 3560 et
820 3495 998 3563 Clementis
1019 3498 1128 3575 Alex„

4 3632 19 3681 r'.
109 3599 224 3690 quihus
245 3604 356 3672 Ionem
376 3610 410 3672 ia
431 3607 491 3674 hoc
515 3608 600 3675 libro
627 3613 795 3697 scripsisse
823 3613 987 3698 referunt,
1014 3616 1129 3701 Pytha·

20 3718 24 3723 ’
106 3740 217 3808 goram
240 3719 369 3809 Orpheo
392 3726 546 3812 quaedam
565 3730 785 3812 supposuisse.
806 3764 845 3780 -

188 3835 302 3903 Restat
322 3855 358 3904 nt
379 3842 418 3906 de
432 3841 583 3927 dialecto,
606 3865 669 3929 qna
683 3842 908 3932 philosophica
923 3868 996 3913 esse
1012 3848 1128 3934 scripte

96 3964 223 4040 putem,
240 3959 358 4042 paneis
377 3979 551 4047 exponam.
578 3958 679 4026 Recte
698 3957 870 4047 Bentleius
889 3964 930 4028 de
949 3965 1125 4049 fragmento
