2430 4290
122 117 174 193 32

123 296 184 383 ieji
204 301 365 363 eorrectio
385 295 444 361 illu
466 296 595 361 admitti
617 296 748 359 omnino
768 298 897 384 nequit:
929 318 1054 385 quaero
1077 302 1167 380 enim,

121 416 283 500 quomodo
309 436 382 479 eam
402 413 524 479 littoris
545 426 687 498 partem,
709 435 804 499 quam
824 414 944 479 fretum
964 416 1052 483 illud
1074 440 1166 483 exae-

122 534 189 596 euit
209 532 295 595 inter
308 530 476 597 Euboeam
489 529 629 595 insulam
647 544 680 595 et
698 530 879 615 Boeotiam,
901 533 989 598 freto
1004 532 1164 621 objectam

121 648 230 711 dicare
256 660 355 733 poeta
380 650 522 735 potuerit
548 644 665 733 (ὐκτήν
690 651 858 735 κροβλῆτα
878 654 1054 737 πορθμῷ).
1098 653 1162 719 Imo

119 762 185 829 boe
210 764 289 829 dicit
315 780 431 851 poeta:
465 766 606 851 Euripus
633 764 800 831 Euboeam
832 790 853 832 a
871 766 984 835 littore
1007 768 1164 837 Boeotiae

119 878 278 963 abscidit,
315 903 388 946 aeae
414 883 501 945 inter
526 894 696 968 utramque
725 895 846 949 terram
872 888 967 973 quasi
994 887 1160 953 insinuans

118 1008 216 1084 atque
236 1001 284 1062 ita
304 998 421 1063 fretum
435 994 518 1061 illud
533 996 708 1083 objectum,
731 1012 837 1066 terme
851 1001 976 1067 scilieet
990 1000 1160 1087 Boeotiae,

119 1117 265 1181 exedens
299 1116 369 1178 aive
405 1135 579 1184 exaeeana.
622 1115 674 1181 lta
700 1114 809 1181 locum
838 1114 1012 1184 Strabonis
1041 1119 1160 1206 legisse

116 1234 215 1295 etiam
236 1231 414 1295 Eudociam
441 1245 532 1317 patet
558 1253 604 1295 ex
626 1230 677 1295 hie
699 1235 771 1316 ejus
792 1234 900 1301 verbia
921 1237 1009 1323 apud
1030 1237 1158 1307 villota.

116 1349 265 1413 anecdot.
286 1346 331 1429 ΙΙ,
352 1370 384 1432 p.
407 1345 520 1416 3426
548 1348 583 1413 δὲ
609 1346 803 1436 γεωγράφος
830 1352 932 1437 φησίν
958 1350 1012 1421 ὅτι
1037 1352 1156 1421 πιστεύ·

115 1490 182 1533 aaut
207 1463 267 1551 τὴν
286 1463 416 1549 Λέσβον
437 1461 658 1548 ὐκερρωγὲνατ
678 1468 736 1550 τῆς
753 1465 857 1551 Ἴδης,
882 1465 927 1545 ὦς
946 1448 1004 1537 καί
1023 1469 1085 1557 τὴν
1104 1476 1154 1539 Σι-

112 1586 222 1652 κελίαν
255 1587 312 1670 τῆς
333 1580 481 1668 Ῥηγίνης
513 1583 570 1649 καλ
604 1581 663 1668 τὴν
680 1581 805 1651 Ὄσσαν
837 1589 897 1652 τοῦ
925 1590 1153 1655 Μακεδονιωύ

110 1702 289 1788 Ὀλύμπου,
312 1698 356 1778 ὡς
374 1698 474 1785 μέσον
495 1698 599 1766 ἔκτοτε
616 1698 799 1785 διέρρευσευ
819 1700 837 1769 ὁ
854 1700 1001 1788 Πηνειός.
1023 1706 1080 1771 καὶ
1097 1704 1151 1790 τὴν

110 1820 261 1907 Εὐβοῖδα
282 1818 317 1884 δὲ
339 1819 402 1902 γῆν
422 1813 535 1895 λεπτὰς
555 1816 706 1901 Εὐρίπου
726 1816 856 1884 κλύδων
877 1822 1037 1898 Βοιωτίας
1058 1820 1150 1907 ἀκτῆς

110 1935 258 2023 ἐχώρισε,
283 1929 373 2001 καθά
399 1932 448 2009 τίς
475 1949 557 2018 φησι
582 1932 724 2020 ποιητής.
767 1934 877 2010 Quare
904 1935 1015 2003 locum
1036 1943 1086 2006 sia
1106 1939 1148 2004 le·

107 2073 243 2143 gamus:

272 2193 404 2269 Εὐβοῖδα
422 2197 472 2267 μὲν
488 2200 540 2268 γῆν
557 2194 656 2263 λεπτὸς
671 2196 804 2271 Εὐρίπου
823 2201 934 2261 κλύδων

271 2300 409 2362 Βοιωτίας
426 2295 534 2369 ἐχύρισ’
551 2293 649 2371 οίκτῆς,
669 2299 788 2372 intende

273 2402 420 2472 κροβλῆτα
435 2400 576 2472 πορθμόν.

598 2581 649 2638 ii.

479 2702 516 2789 ’ξ’
532 2726 600 2778 πῖθι
617 2724 773 2778 Πακτωλοῦ
791 2717 868 2791 doda.

533 2827 657 2895 Etyumi.
675 2827 772 2894 Magn.
790 2841 817 2877 u.
835 2824 912 2890 κίδι,
931 2817 996 2878 α’ντί
1017 2828 1071 2879 κού
1088 2826 1139 2880 πίε.

347 2741 466 2788 Lo...

181 2956 275 3021 Haeo
296 2979 421 3043 quoque
442 2960 482 3024 ad
499 2960 672 3024 Herculem
691 2961 777 3022 dieta
798 2957 918 3020 fuerint
939 2961 973 3021 in
994 2961 1049 3041 iia,
1074 2962 1138 3046 qui·

97 3073 159 3141 bna
181 3094 255 3137 eum
284 3071 452 3139 hortantur
472 3078 646 3157 mulieres,
675 3090 710 3139 ut
731 3076 857 3160 patriae
878 3072 1000 3138 oblitus
1022 3078 1056 3141 in
1077 3078 1138 3161 LJ·

97 3194 152 3259 dia
173 3187 342 3258 Pactolum
364 3188 463 3255 bibat.

590 3363 641 3419 12.

467 3473 566 3527 σκῖλον
582 3473 757 3541 Παρνασίαν.

803 3568 929 3641 Hesyoh.
948 3592 975 3629 τ.
994 3578 1103 3630 σπίλον.

94 3686 156 3757 οὐκ
177 3677 231 3768 εὐ,
252 3690 356 3773 inquit
383 3694 613 3776 grammaticus
622 3730 636 3771 ‚-
663 3689 812 3767 σπίλαδες
844 3685 908 3773 γὰρ
936 3689 1067 3775 πέτραι,
1095 3692 1133 3755 de

92 3830 156 3897 qua
191 3790 395 3893 grammatici
429 3808 639 3874 adnotatione
674 3808 813 3873 conferri
848 3819 958 3892 potest
986 3807 1133 3875 Lobeck.

82 3927 132 3992 ad
146 3924 272 4011 Pdtya.
290 3947 327 4012 p.
347 3931 400 3992 28.
